{
  "meta": {
    "start_date": "ALL",
    "end_date": "ALL",
    "generated_at": "2025-11-25T20:06:23.938400"
  },
  "district_analysis": [
    {
      "district": "Kollam",
      "state": "Kerala",
      "total_cases": 933,
      "unique_owners": 636,
      "total_revenue": 452301.0,
      "avg_revenue_per_visit": 484.78135048231513
    },
    {
      "district": "Thrissur",
      "state": "Kerala",
      "total_cases": 627,
      "unique_owners": 317,
      "total_revenue": 304270.0,
      "avg_revenue_per_visit": 485.2791068580542
    },
    {
      "district": "Ernakulam",
      "state": "Kerala",
      "total_cases": 622,
      "unique_owners": 282,
      "total_revenue": 488177.0,
      "avg_revenue_per_visit": 784.8504823151126
    },
    {
      "district": "Alappuzha",
      "state": "Kerala",
      "total_cases": 594,
      "unique_owners": 342,
      "total_revenue": 520704.0,
      "avg_revenue_per_visit": 876.6060606060606
    },
    {
      "district": "Thiruvananthapuram",
      "state": "Kerala",
      "total_cases": 474,
      "unique_owners": 264,
      "total_revenue": 270000.0,
      "avg_revenue_per_visit": 569.620253164557
    },
    {
      "district": "Palakkad",
      "state": "Kerala",
      "total_cases": 439,
      "unique_owners": 276,
      "total_revenue": 307701.0,
      "avg_revenue_per_visit": 700.9134396355353
    },
    {
      "district": "Kottayam",
      "state": "Kerala",
      "total_cases": 376,
      "unique_owners": 214,
      "total_revenue": 326902.0,
      "avg_revenue_per_visit": 869.4202127659574
    },
    {
      "district": "Idukki",
      "state": "Kerala",
      "total_cases": 331,
      "unique_owners": 188,
      "total_revenue": 220370.0,
      "avg_revenue_per_visit": 665.7703927492447
    },
    {
      "district": "Pathanamthitta",
      "state": "Kerala",
      "total_cases": 256,
      "unique_owners": 136,
      "total_revenue": 119020.0,
      "avg_revenue_per_visit": 464.921875
    },
    {
      "district": "Malappuram",
      "state": "Kerala",
      "total_cases": 210,
      "unique_owners": 121,
      "total_revenue": 98900.0,
      "avg_revenue_per_visit": 470.95238095238096
    },
    {
      "district": "Kozhikode",
      "state": "Kerala",
      "total_cases": 131,
      "unique_owners": 93,
      "total_revenue": 75300.0,
      "avg_revenue_per_visit": 574.8091603053435
    },
    {
      "district": "Unknown",
      "state": "Kerala",
      "total_cases": 125,
      "unique_owners": 99,
      "total_revenue": 75770.0,
      "avg_revenue_per_visit": 606.16
    },
    {
      "district": "Kannur",
      "state": "Kerala",
      "total_cases": 102,
      "unique_owners": 76,
      "total_revenue": 57960.0,
      "avg_revenue_per_visit": 568.2352941176471
    },
    {
      "district": "Wayanad",
      "state": "Kerala",
      "total_cases": 92,
      "unique_owners": 56,
      "total_revenue": 52150.0,
      "avg_revenue_per_visit": 566.8478260869565
    },
    {
      "district": "Unknown",
      "state": "kerala",
      "total_cases": 52,
      "unique_owners": 31,
      "total_revenue": 23750.0,
      "avg_revenue_per_visit": 456.7307692307692
    },
    {
      "district": "Ernakulam",
      "state": "kerala",
      "total_cases": 24,
      "unique_owners": 1,
      "total_revenue": 25500.0,
      "avg_revenue_per_visit": 1062.5
    },
    {
      "district": "Unknown",
      "state": "all india",
      "total_cases": 22,
      "unique_owners": 11,
      "total_revenue": 16250.0,
      "avg_revenue_per_visit": 738.6363636363636
    },
    {
      "district": "Palakkad",
      "state": "all india",
      "total_cases": 13,
      "unique_owners": 1,
      "total_revenue": 14850.0,
      "avg_revenue_per_visit": 1142.3076923076924
    },
    {
      "district": "Kasaragod",
      "state": "Kerala",
      "total_cases": 11,
      "unique_owners": 9,
      "total_revenue": 15000.0,
      "avg_revenue_per_visit": 1363.6363636363637
    },
    {
      "district": "Palakkad",
      "state": "kerala",
      "total_cases": 9,
      "unique_owners": 1,
      "total_revenue": 3150.0,
      "avg_revenue_per_visit": 350.0
    },
    {
      "district": "Unknown",
      "state": "Unknown",
      "total_cases": 6,
      "unique_owners": 4,
      "total_revenue": 3050.0,
      "avg_revenue_per_visit": 508.3333333333333
    },
    {
      "district": "Kollam",
      "state": "kerala",
      "total_cases": 5,
      "unique_owners": 2,
      "total_revenue": 2050.0,
      "avg_revenue_per_visit": 410.0
    },
    {
      "district": "Malappuram",
      "state": "kerala",
      "total_cases": 5,
      "unique_owners": 2,
      "total_revenue": 4750.0,
      "avg_revenue_per_visit": 950.0
    },
    {
      "district": "Thiruvananthapuram",
      "state": "kerala",
      "total_cases": 4,
      "unique_owners": 2,
      "total_revenue": 2500.0,
      "avg_revenue_per_visit": 625.0
    },
    {
      "district": "Kottayam",
      "state": "kerala",
      "total_cases": 2,
      "unique_owners": 1,
      "total_revenue": 1050.0,
      "avg_revenue_per_visit": 525.0
    },
    {
      "district": "Unknown",
      "state": "karnataka",
      "total_cases": 2,
      "unique_owners": 2,
      "total_revenue": 2500.0,
      "avg_revenue_per_visit": 1250.0
    },
    {
      "district": "Trivandrum",
      "state": "Kerala",
      "total_cases": 1,
      "unique_owners": 1,
      "total_revenue": 350.0,
      "avg_revenue_per_visit": 350.0
    }
  ],
  "employee_comparison": [
    {
      "employee_id": "b5aa9436-eeb3-48d9-a4c4-3f44ce152fb1",
      "employee_name": "Dr Freddy k sam",
      "total_cases": 1214,
      "total_revenue": 583970.0,
      "payments_received": 0,
      "samples_collected": 0,
      "reports_sent": 0
    },
    {
      "employee_id": "37dfb423-61b5-4bce-bbaf-f19a867e8815",
      "employee_name": "Jenish P J",
      "total_cases": 551,
      "total_revenue": 260770.0,
      "payments_received": 1,
      "samples_collected": 0,
      "reports_sent": 0
    },
    {
      "employee_id": "c815b3fc-f016-42ef-a868-e4979151404b",
      "employee_name": "Vishnu M",
      "total_cases": 499,
      "total_revenue": 478600.0,
      "payments_received": 91,
      "samples_collected": 0,
      "reports_sent": 0
    },
    {
      "employee_id": "3b5e2538-81d0-4485-9935-233f0f37aaa4",
      "employee_name": "Anu T Vincent",
      "total_cases": 478,
      "total_revenue": 265400.0,
      "payments_received": 0,
      "samples_collected": 0,
      "reports_sent": 0
    },
    {
      "employee_id": "f3d42c0e-675b-4657-bc06-46514ee0f84c",
      "employee_name": "Lewis Benhar",
      "total_cases": 337,
      "total_revenue": 229670.0,
      "payments_received": 216,
      "samples_collected": 0,
      "reports_sent": 0
    },
    {
      "employee_id": "487ae487-ea15-418d-83a4-1656b2519e54",
      "employee_name": "Alias Roy",
      "total_cases": 264,
      "total_revenue": 160860.0,
      "payments_received": 173,
      "samples_collected": 0,
      "reports_sent": 0
    },
    {
      "employee_id": "dd63b71b-fc78-4081-8612-2d71b386691b",
      "employee_name": "Rajeev Gopi",
      "total_cases": 232,
      "total_revenue": 191410.0,
      "payments_received": 52,
      "samples_collected": 0,
      "reports_sent": 0
    },
    {
      "employee_id": "eb07d040-1547-42dc-a491-fc232e12d6ff",
      "employee_name": "Vishnu udayan",
      "total_cases": 201,
      "total_revenue": 134750.0,
      "payments_received": 29,
      "samples_collected": 0,
      "reports_sent": 0
    },
    {
      "employee_id": "c867a6ef-206b-4c97-8ec0-87b5d1ad1694",
      "employee_name": "Santhosh C S",
      "total_cases": 134,
      "total_revenue": 56860.0,
      "payments_received": 21,
      "samples_collected": 0,
      "reports_sent": 0
    },
    {
      "employee_id": "95d47558-3afa-472b-8a1f-e28cb8483900",
      "employee_name": "Jithesh P K",
      "total_cases": 120,
      "total_revenue": 46500.0,
      "payments_received": 0,
      "samples_collected": 0,
      "reports_sent": 0
    },
    {
      "employee_id": "76df4bfb-8232-47d5-9801-a84cae714395",
      "employee_name": "Muhammed Sabir",
      "total_cases": 109,
      "total_revenue": 70910.0,
      "payments_received": 0,
      "samples_collected": 0,
      "reports_sent": 0
    },
    {
      "employee_id": "fdf32aa2-5a1b-47e6-8732-c233e2343e6f",
      "employee_name": "Yadhu krishnan N P",
      "total_cases": 102,
      "total_revenue": 77580.0,
      "payments_received": 2,
      "samples_collected": 0,
      "reports_sent": 0
    },
    {
      "employee_id": "07a806ed-fa18-4665-80da-86a77a18de33",
      "employee_name": "Midhun",
      "total_cases": 101,
      "total_revenue": 184000.0,
      "payments_received": 20,
      "samples_collected": 0,
      "reports_sent": 0
    },
    {
      "employee_id": "cf547e61-fa9c-4df7-9e2c-92cbb1602448",
      "employee_name": "Tenjish A",
      "total_cases": 95,
      "total_revenue": 49250.0,
      "payments_received": 0,
      "samples_collected": 0,
      "reports_sent": 0
    },
    {
      "employee_id": "1541cacf-2d7c-4fa8-8662-3959a8b11594",
      "employee_name": "Abel k Jubin",
      "total_cases": 93,
      "total_revenue": 109400.0,
      "payments_received": 62,
      "samples_collected": 0,
      "reports_sent": 0
    },
    {
      "employee_id": "13b674bb-c3a1-4b69-b198-633f2ce1f158",
      "employee_name": "Able",
      "total_cases": 84,
      "total_revenue": 41200.0,
      "payments_received": 2,
      "samples_collected": 0,
      "reports_sent": 0
    },
    {
      "employee_id": "368af367-0696-4f5d-a6d9-c328af8088b5",
      "employee_name": "Shinto Antony",
      "total_cases": 83,
      "total_revenue": 34873.0,
      "payments_received": 8,
      "samples_collected": 0,
      "reports_sent": 0
    },
    {
      "employee_id": "949cf84b-9880-4ed9-81c2-c1297b40d0dd",
      "employee_name": "Dibin O K",
      "total_cases": 80,
      "total_revenue": 45450.0,
      "payments_received": 37,
      "samples_collected": 0,
      "reports_sent": 0
    },
    {
      "employee_id": "5d15c54b-8883-45c0-924e-df324376e016",
      "employee_name": "Vinu Prasanth A",
      "total_cases": 77,
      "total_revenue": 59150.0,
      "payments_received": 43,
      "samples_collected": 0,
      "reports_sent": 0
    },
    {
      "employee_id": "ac20add5-f8b0-43d2-a923-9ef39806326b",
      "employee_name": "Sharon Das",
      "total_cases": 73,
      "total_revenue": 33800.0,
      "payments_received": 12,
      "samples_collected": 0,
      "reports_sent": 0
    },
    {
      "employee_id": "1521f943-1da6-4f4c-959f-807707947407",
      "employee_name": "Sarath Chandran",
      "total_cases": 67,
      "total_revenue": 49800.0,
      "payments_received": 52,
      "samples_collected": 0,
      "reports_sent": 0
    },
    {
      "employee_id": "f035cdde-ffea-4d4d-b07e-d58ce128716c",
      "employee_name": "Akhil I G",
      "total_cases": 66,
      "total_revenue": 54550.0,
      "payments_received": 4,
      "samples_collected": 0,
      "reports_sent": 0
    },
    {
      "employee_id": "cdca717e-9680-46fa-beeb-2437ddeefbfe",
      "employee_name": "Nived K",
      "total_cases": 55,
      "total_revenue": 33100.0,
      "payments_received": 0,
      "samples_collected": 0,
      "reports_sent": 0
    },
    {
      "employee_id": "2093fe15-5d32-4dfe-bee2-d36239fddccf",
      "employee_name": "Dheeraj R",
      "total_cases": 48,
      "total_revenue": 25550.0,
      "payments_received": 0,
      "samples_collected": 0,
      "reports_sent": 0
    },
    {
      "employee_id": "69525762-ed6e-4dda-91c2-b46752bf094d",
      "employee_name": "Jayan R",
      "total_cases": 47,
      "total_revenue": 37150.0,
      "payments_received": 0,
      "samples_collected": 0,
      "reports_sent": 0
    },
    {
      "employee_id": "e8c6927e-8177-4cc6-9ede-f3827cd6b75c",
      "employee_name": "Mridhulraj",
      "total_cases": 40,
      "total_revenue": 24450.0,
      "payments_received": 0,
      "samples_collected": 0,
      "reports_sent": 0
    },
    {
      "employee_id": "7a12dea9-6641-41fe-8d07-a44d1f4b2b87",
      "employee_name": "Aswin S",
      "total_cases": 34,
      "total_revenue": 32250.0,
      "payments_received": 25,
      "samples_collected": 0,
      "reports_sent": 0
    },
    {
      "employee_id": "bf6419c1-e8ce-4b33-8891-02924edc20c7",
      "employee_name": "Akarsh",
      "total_cases": 23,
      "total_revenue": 8650.0,
      "payments_received": 0,
      "samples_collected": 0,
      "reports_sent": 0
    },
    {
      "employee_id": "1ee71aee-dc1e-426e-8d02-cdd4a18a6301",
      "employee_name": "Ajay Krishna N S",
      "total_cases": 22,
      "total_revenue": 29050.0,
      "payments_received": 19,
      "samples_collected": 0,
      "reports_sent": 0
    },
    {
      "employee_id": "5f6fd970-94fc-4748-9162-bf754d929a17",
      "employee_name": "shinto",
      "total_cases": 20,
      "total_revenue": 19606.0,
      "payments_received": 5,
      "samples_collected": 0,
      "reports_sent": 0
    },
    {
      "employee_id": "b09c50e1-aa6c-463a-b05c-5fe571089dc9",
      "employee_name": "Saleem P M",
      "total_cases": 20,
      "total_revenue": 7800.0,
      "payments_received": 0,
      "samples_collected": 0,
      "reports_sent": 0
    },
    {
      "employee_id": "8abd49a5-b010-44a4-b9d1-a79c57f5fbeb",
      "employee_name": "Demo Staff",
      "total_cases": 17,
      "total_revenue": 1960.0,
      "payments_received": 4,
      "samples_collected": 0,
      "reports_sent": 0
    },
    {
      "employee_id": "3d1adbb7-2768-4504-978d-7111f13eb09e",
      "employee_name": "Vignesh P P",
      "total_cases": 14,
      "total_revenue": 6900.0,
      "payments_received": 0,
      "samples_collected": 0,
      "reports_sent": 0
    },
    {
      "employee_id": "ff371fee-4653-4da4-ba6a-e4dbd1d29699",
      "employee_name": "Biotech",
      "total_cases": 13,
      "total_revenue": 9950.0,
      "payments_received": 0,
      "samples_collected": 0,
      "reports_sent": 0
    },
    {
      "employee_id": "a6c386e1-91f9-4399-bb1a-62fc88c9f842",
      "employee_name": "Muhammed Rishad M",
      "total_cases": 9,
      "total_revenue": 3500.0,
      "payments_received": 0,
      "samples_collected": 0,
      "reports_sent": 0
    },
    {
      "employee_id": "fc27e79a-5b1f-4433-8f67-cb70c810094e",
      "employee_name": "Rajeev P P",
      "total_cases": 9,
      "total_revenue": 7650.0,
      "payments_received": 2,
      "samples_collected": 0,
      "reports_sent": 0
    },
    {
      "employee_id": "7cb21b2d-f59d-4113-b8d7-8470da4d9548",
      "employee_name": "Sivadas K P",
      "total_cases": 8,
      "total_revenue": 4100.0,
      "payments_received": 6,
      "samples_collected": 0,
      "reports_sent": 0
    },
    {
      "employee_id": "641cdec9-b288-4844-a513-22bd9f6bc084",
      "employee_name": "Demo Lab",
      "total_cases": 7,
      "total_revenue": 4.0,
      "payments_received": 0,
      "samples_collected": 0,
      "reports_sent": 0
    },
    {
      "employee_id": "7c9be1ba-236c-4c82-8781-ebb1cbb1e3cb",
      "employee_name": "Jastin Joy",
      "total_cases": 5,
      "total_revenue": 2600.0,
      "payments_received": 0,
      "samples_collected": 0,
      "reports_sent": 0
    },
    {
      "employee_id": "45b50d89-3c35-4028-a19b-1aae28920245",
      "employee_name": "Anoop murali",
      "total_cases": 4,
      "total_revenue": 2500.0,
      "payments_received": 0,
      "samples_collected": 0,
      "reports_sent": 0
    },
    {
      "employee_id": "962d57d6-d71b-4437-9ddd-4d350899688d",
      "employee_name": "Vipin Poulose",
      "total_cases": 3,
      "total_revenue": 1200.0,
      "payments_received": 2,
      "samples_collected": 0,
      "reports_sent": 0
    },
    {
      "employee_id": "bc0ef431-4a45-45f2-a842-6ced47ea99b8",
      "employee_name": "Nidhin V Antony",
      "total_cases": 2,
      "total_revenue": 1550.0,
      "payments_received": 0,
      "samples_collected": 0,
      "reports_sent": 0
    },
    {
      "employee_id": "641cdec9-b288-4844-a513-22bd9f6bc084",
      "employee_name": "Midhun",
      "total_cases": 2,
      "total_revenue": 352.0,
      "payments_received": 1,
      "samples_collected": 0,
      "reports_sent": 0
    },
    {
      "employee_id": "70b3bb66-0999-457b-b426-02802f70d581",
      "employee_name": "Midhun Babu",
      "total_cases": 2,
      "total_revenue": 2000.0,
      "payments_received": 0,
      "samples_collected": 0,
      "reports_sent": 0
    },
    {
      "employee_id": "b2585399-9d88-4996-8b2b-c23af329dec4",
      "employee_name": "Devadarsan",
      "total_cases": 1,
      "total_revenue": 950.0,
      "payments_received": 0,
      "samples_collected": 0,
      "reports_sent": 0
    },
    {
      "employee_id": "9f358c79-be92-4c33-88db-b6ddc8f48045",
      "employee_name": "Subith NV",
      "total_cases": 1,
      "total_revenue": 900.0,
      "payments_received": 0,
      "samples_collected": 0,
      "reports_sent": 0
    },
    {
      "employee_id": "9c3dee9b-b34f-4dbc-b8b0-659d14f7ce55",
      "employee_name": "Vijayakumaran",
      "total_cases": 1,
      "total_revenue": 1350.0,
      "payments_received": 1,
      "samples_collected": 0,
      "reports_sent": 0
    },
    {
      "employee_id": "2ee9ee6a-f8dd-4106-b807-3cec627f1e41",
      "employee_name": "Akhilesh S",
      "total_cases": 1,
      "total_revenue": 450.0,
      "payments_received": 0,
      "samples_collected": 0,
      "reports_sent": 0
    }
  ],
  "employee_tests": [
    {
      "employee_id": "b5aa9436-eeb3-48d9-a4c4-3f44ce152fb1",
      "employee_name": "Dr Freddy k sam",
      "test_type": "panel",
      "test_name": "Basic Haemoparasite Panel ( Blood Smear + CBC )",
      "test_count": 973,
      "revenue": 345800
    },
    {
      "employee_id": "b5aa9436-eeb3-48d9-a4c4-3f44ce152fb1",
      "employee_name": "Dr Freddy k sam",
      "test_type": "standard",
      "test_name": "Complete Blood Count",
      "test_count": 852,
      "revenue": 0
    },
    {
      "employee_id": "b5aa9436-eeb3-48d9-a4c4-3f44ce152fb1",
      "employee_name": "Dr Freddy k sam",
      "test_type": "standard",
      "test_name": "Blood Smear ",
      "test_count": 832,
      "revenue": 0
    },
    {
      "employee_id": "37dfb423-61b5-4bce-bbaf-f19a867e8815",
      "employee_name": "Jenish P J",
      "test_type": "panel",
      "test_name": "Basic Haemoparasite Panel ( Blood Smear + CBC )",
      "test_count": 526,
      "revenue": 184550
    },
    {
      "employee_id": "37dfb423-61b5-4bce-bbaf-f19a867e8815",
      "employee_name": "Jenish P J",
      "test_type": "standard",
      "test_name": "Complete Blood Count",
      "test_count": 515,
      "revenue": 0
    },
    {
      "employee_id": "37dfb423-61b5-4bce-bbaf-f19a867e8815",
      "employee_name": "Jenish P J",
      "test_type": "standard",
      "test_name": "Blood Smear ",
      "test_count": 496,
      "revenue": 0
    },
    {
      "employee_id": "c815b3fc-f016-42ef-a868-e4979151404b",
      "employee_name": "Vishnu M",
      "test_type": "panel",
      "test_name": "Basic Haemoparasite Panel ( Blood Smear + CBC )",
      "test_count": 403,
      "revenue": 142250
    },
    {
      "employee_id": "c815b3fc-f016-42ef-a868-e4979151404b",
      "employee_name": "Vishnu M",
      "test_type": "standard",
      "test_name": "Complete Blood Count",
      "test_count": 399,
      "revenue": 0
    },
    {
      "employee_id": "f3d42c0e-675b-4657-bc06-46514ee0f84c",
      "employee_name": "Lewis Benhar",
      "test_type": "panel",
      "test_name": "Basic Haemoparasite Panel ( Blood Smear + CBC )",
      "test_count": 358,
      "revenue": 125300
    },
    {
      "employee_id": "c815b3fc-f016-42ef-a868-e4979151404b",
      "employee_name": "Vishnu M",
      "test_type": "test",
      "test_name": "Bovine Pregnancy Diagnosis",
      "test_count": 354,
      "revenue": 154700
    },
    {
      "employee_id": "f3d42c0e-675b-4657-bc06-46514ee0f84c",
      "employee_name": "Lewis Benhar",
      "test_type": "standard",
      "test_name": "Complete Blood Count",
      "test_count": 344,
      "revenue": 0
    },
    {
      "employee_id": "f3d42c0e-675b-4657-bc06-46514ee0f84c",
      "employee_name": "Lewis Benhar",
      "test_type": "standard",
      "test_name": "Blood Smear ",
      "test_count": 338,
      "revenue": 0
    },
    {
      "employee_id": "c815b3fc-f016-42ef-a868-e4979151404b",
      "employee_name": "Vishnu M",
      "test_type": "standard",
      "test_name": "Blood Smear ",
      "test_count": 337,
      "revenue": 0
    },
    {
      "employee_id": "487ae487-ea15-418d-83a4-1656b2519e54",
      "employee_name": "Alias Roy",
      "test_type": "panel",
      "test_name": "Basic Haemoparasite Panel ( Blood Smear + CBC )",
      "test_count": 318,
      "revenue": 111350
    },
    {
      "employee_id": "487ae487-ea15-418d-83a4-1656b2519e54",
      "employee_name": "Alias Roy",
      "test_type": "standard",
      "test_name": "Complete Blood Count",
      "test_count": 315,
      "revenue": 0
    },
    {
      "employee_id": "487ae487-ea15-418d-83a4-1656b2519e54",
      "employee_name": "Alias Roy",
      "test_type": "standard",
      "test_name": "Blood Smear ",
      "test_count": 310,
      "revenue": 0
    },
    {
      "employee_id": "b5aa9436-eeb3-48d9-a4c4-3f44ce152fb1",
      "employee_name": "Dr Freddy k sam",
      "test_type": "test",
      "test_name": "Bovine Pregnancy Diagnosis",
      "test_count": 250,
      "revenue": 112500
    },
    {
      "employee_id": "dd63b71b-fc78-4081-8612-2d71b386691b",
      "employee_name": "Rajeev Gopi",
      "test_type": "standard",
      "test_name": "Complete Blood Count",
      "test_count": 238,
      "revenue": 0
    },
    {
      "employee_id": "3b5e2538-81d0-4485-9935-233f0f37aaa4",
      "employee_name": "Anu T Vincent",
      "test_type": "panel",
      "test_name": "Basic Haemoparasite Panel ( Blood Smear + CBC )",
      "test_count": 236,
      "revenue": 86750
    },
    {
      "employee_id": "dd63b71b-fc78-4081-8612-2d71b386691b",
      "employee_name": "Rajeev Gopi",
      "test_type": "panel",
      "test_name": "Basic Haemoparasite Panel ( Blood Smear + CBC )",
      "test_count": 236,
      "revenue": 82600
    },
    {
      "employee_id": "dd63b71b-fc78-4081-8612-2d71b386691b",
      "employee_name": "Rajeev Gopi",
      "test_type": "standard",
      "test_name": "Blood Smear ",
      "test_count": 236,
      "revenue": 0
    },
    {
      "employee_id": "eb07d040-1547-42dc-a491-fc232e12d6ff",
      "employee_name": "Vishnu udayan",
      "test_type": "panel",
      "test_name": "Basic Haemoparasite Panel ( Blood Smear + CBC )",
      "test_count": 205,
      "revenue": 72050
    },
    {
      "employee_id": "eb07d040-1547-42dc-a491-fc232e12d6ff",
      "employee_name": "Vishnu udayan",
      "test_type": "standard",
      "test_name": "Complete Blood Count",
      "test_count": 192,
      "revenue": 0
    },
    {
      "employee_id": "f3d42c0e-675b-4657-bc06-46514ee0f84c",
      "employee_name": "Lewis Benhar",
      "test_type": "test",
      "test_name": "Bovine Pregnancy Diagnosis",
      "test_count": 186,
      "revenue": 75800
    },
    {
      "employee_id": "3b5e2538-81d0-4485-9935-233f0f37aaa4",
      "employee_name": "Anu T Vincent",
      "test_type": "test",
      "test_name": "Bovine Pregnancy Diagnosis",
      "test_count": 171,
      "revenue": 74650
    },
    {
      "employee_id": "eb07d040-1547-42dc-a491-fc232e12d6ff",
      "employee_name": "Vishnu udayan",
      "test_type": "standard",
      "test_name": "Blood Smear ",
      "test_count": 170,
      "revenue": 0
    },
    {
      "employee_id": "b5aa9436-eeb3-48d9-a4c4-3f44ce152fb1",
      "employee_name": "Dr Freddy k sam",
      "test_type": "test",
      "test_name": "Cow Calcium Test ",
      "test_count": 152,
      "revenue": 15200
    },
    {
      "employee_id": "76df4bfb-8232-47d5-9801-a84cae714395",
      "employee_name": "Muhammed Sabir",
      "test_type": "panel",
      "test_name": "Basic Haemoparasite Panel ( Blood Smear + CBC )",
      "test_count": 132,
      "revenue": 46250
    },
    {
      "employee_id": "76df4bfb-8232-47d5-9801-a84cae714395",
      "employee_name": "Muhammed Sabir",
      "test_type": "standard",
      "test_name": "Complete Blood Count",
      "test_count": 127,
      "revenue": 0
    },
    {
      "employee_id": "76df4bfb-8232-47d5-9801-a84cae714395",
      "employee_name": "Muhammed Sabir",
      "test_type": "standard",
      "test_name": "Blood Smear ",
      "test_count": 126,
      "revenue": 0
    },
    {
      "employee_id": "3b5e2538-81d0-4485-9935-233f0f37aaa4",
      "employee_name": "Anu T Vincent",
      "test_type": "standard",
      "test_name": "Complete Blood Count",
      "test_count": 123,
      "revenue": 0
    },
    {
      "employee_id": "3b5e2538-81d0-4485-9935-233f0f37aaa4",
      "employee_name": "Anu T Vincent",
      "test_type": "standard",
      "test_name": "Blood Smear ",
      "test_count": 122,
      "revenue": 0
    },
    {
      "employee_id": "c867a6ef-206b-4c97-8ec0-87b5d1ad1694",
      "employee_name": "Santhosh C S",
      "test_type": "panel",
      "test_name": "Basic Haemoparasite Panel ( Blood Smear + CBC )",
      "test_count": 119,
      "revenue": 41650
    },
    {
      "employee_id": "95d47558-3afa-472b-8a1f-e28cb8483900",
      "employee_name": "Jithesh P K",
      "test_type": "standard",
      "test_name": "Complete Blood Count",
      "test_count": 118,
      "revenue": 0
    },
    {
      "employee_id": "13b674bb-c3a1-4b69-b198-633f2ce1f158",
      "employee_name": "Able",
      "test_type": "standard",
      "test_name": "Complete Blood Count",
      "test_count": 117,
      "revenue": 0
    },
    {
      "employee_id": "95d47558-3afa-472b-8a1f-e28cb8483900",
      "employee_name": "Jithesh P K",
      "test_type": "standard",
      "test_name": "Blood Smear ",
      "test_count": 116,
      "revenue": 0
    },
    {
      "employee_id": "95d47558-3afa-472b-8a1f-e28cb8483900",
      "employee_name": "Jithesh P K",
      "test_type": "panel",
      "test_name": "Basic Haemoparasite Panel ( Blood Smear + CBC )",
      "test_count": 113,
      "revenue": 39600
    },
    {
      "employee_id": "5d15c54b-8883-45c0-924e-df324376e016",
      "employee_name": "Vinu Prasanth A",
      "test_type": "test",
      "test_name": "Bovine Pregnancy Diagnosis",
      "test_count": 110,
      "revenue": 49500
    },
    {
      "employee_id": "3b5e2538-81d0-4485-9935-233f0f37aaa4",
      "employee_name": "Anu T Vincent",
      "test_type": "standard",
      "test_name": "Complete Blood Count ( CBC )",
      "test_count": 110,
      "revenue": 0
    },
    {
      "employee_id": "b5aa9436-eeb3-48d9-a4c4-3f44ce152fb1",
      "employee_name": "Dr Freddy k sam",
      "test_type": "standard",
      "test_name": "Peripheral Blood Smear",
      "test_count": 104,
      "revenue": 0
    },
    {
      "employee_id": "c815b3fc-f016-42ef-a868-e4979151404b",
      "employee_name": "Vishnu M",
      "test_type": "test",
      "test_name": " Brucellosis PCR",
      "test_count": 104,
      "revenue": 104000
    },
    {
      "employee_id": "b5aa9436-eeb3-48d9-a4c4-3f44ce152fb1",
      "employee_name": "Dr Freddy k sam",
      "test_type": "standard",
      "test_name": "Complete Blood Count ( CBC )",
      "test_count": 104,
      "revenue": 0
    },
    {
      "employee_id": "1541cacf-2d7c-4fa8-8662-3959a8b11594",
      "employee_name": "Abel k Jubin",
      "test_type": "standard",
      "test_name": "Complete Blood Count",
      "test_count": 103,
      "revenue": 0
    },
    {
      "employee_id": "fdf32aa2-5a1b-47e6-8732-c233e2343e6f",
      "employee_name": "Yadhu krishnan N P",
      "test_type": "test",
      "test_name": "Bovine Pregnancy Diagnosis",
      "test_count": 97,
      "revenue": 43650
    },
    {
      "employee_id": "1541cacf-2d7c-4fa8-8662-3959a8b11594",
      "employee_name": "Abel k Jubin",
      "test_type": "panel",
      "test_name": "Basic Haemoparasite Panel ( Blood Smear + CBC )",
      "test_count": 97,
      "revenue": 34000
    },
    {
      "employee_id": "13b674bb-c3a1-4b69-b198-633f2ce1f158",
      "employee_name": "Able",
      "test_type": "panel",
      "test_name": "Basic Haemoparasite Panel ( Blood Smear + CBC )",
      "test_count": 95,
      "revenue": 33300
    },
    {
      "employee_id": "37dfb423-61b5-4bce-bbaf-f19a867e8815",
      "employee_name": "Jenish P J",
      "test_type": "test",
      "test_name": "Bovine Pregnancy Diagnosis",
      "test_count": 91,
      "revenue": 40950
    },
    {
      "employee_id": "c867a6ef-206b-4c97-8ec0-87b5d1ad1694",
      "employee_name": "Santhosh C S",
      "test_type": "standard",
      "test_name": "Complete Blood Count",
      "test_count": 85,
      "revenue": 0
    },
    {
      "employee_id": "dd63b71b-fc78-4081-8612-2d71b386691b",
      "employee_name": "Rajeev Gopi",
      "test_type": "test",
      "test_name": "Bovine Pregnancy Diagnosis",
      "test_count": 82,
      "revenue": 36900
    },
    {
      "employee_id": "1541cacf-2d7c-4fa8-8662-3959a8b11594",
      "employee_name": "Abel k Jubin",
      "test_type": "standard",
      "test_name": "Blood Smear ",
      "test_count": 78,
      "revenue": 0
    },
    {
      "employee_id": "3b5e2538-81d0-4485-9935-233f0f37aaa4",
      "employee_name": "Anu T Vincent",
      "test_type": "standard",
      "test_name": "Peripheral Blood Smear",
      "test_count": 76,
      "revenue": 0
    },
    {
      "employee_id": "eb07d040-1547-42dc-a491-fc232e12d6ff",
      "employee_name": "Vishnu udayan",
      "test_type": "test",
      "test_name": "Bovine Pregnancy Diagnosis",
      "test_count": 76,
      "revenue": 32300
    },
    {
      "employee_id": "c867a6ef-206b-4c97-8ec0-87b5d1ad1694",
      "employee_name": "Santhosh C S",
      "test_type": "standard",
      "test_name": "Blood Smear ",
      "test_count": 75,
      "revenue": 0
    },
    {
      "employee_id": "fdf32aa2-5a1b-47e6-8732-c233e2343e6f",
      "employee_name": "Yadhu krishnan N P",
      "test_type": "standard",
      "test_name": "Complete Blood Count",
      "test_count": 74,
      "revenue": 0
    },
    {
      "employee_id": "cf547e61-fa9c-4df7-9e2c-92cbb1602448",
      "employee_name": "Tenjish A",
      "test_type": "standard",
      "test_name": "Complete Blood Count",
      "test_count": 74,
      "revenue": 0
    },
    {
      "employee_id": "13b674bb-c3a1-4b69-b198-633f2ce1f158",
      "employee_name": "Able",
      "test_type": "standard",
      "test_name": "Blood Smear ",
      "test_count": 73,
      "revenue": 0
    },
    {
      "employee_id": "b5aa9436-eeb3-48d9-a4c4-3f44ce152fb1",
      "employee_name": "Dr Freddy k sam",
      "test_type": "test",
      "test_name": "Glucose Test For Cow",
      "test_count": 73,
      "revenue": 7300
    },
    {
      "employee_id": "cf547e61-fa9c-4df7-9e2c-92cbb1602448",
      "employee_name": "Tenjish A",
      "test_type": "panel",
      "test_name": "Basic Haemoparasite Panel ( Blood Smear + CBC )",
      "test_count": 64,
      "revenue": 22400
    },
    {
      "employee_id": "f035cdde-ffea-4d4d-b07e-d58ce128716c",
      "employee_name": "Akhil I G",
      "test_type": "test",
      "test_name": "Bovine Pregnancy Diagnosis",
      "test_count": 60,
      "revenue": 27000
    },
    {
      "employee_id": "949cf84b-9880-4ed9-81c2-c1297b40d0dd",
      "employee_name": "Dibin O K",
      "test_type": "panel",
      "test_name": "Basic Haemoparasite Panel ( Blood Smear + CBC )",
      "test_count": 57,
      "revenue": 19950
    },
    {
      "employee_id": "1521f943-1da6-4f4c-959f-807707947407",
      "employee_name": "Sarath Chandran",
      "test_type": "panel",
      "test_name": "Basic Haemoparasite Panel ( Blood Smear + CBC )",
      "test_count": 57,
      "revenue": 20000
    },
    {
      "employee_id": "ac20add5-f8b0-43d2-a923-9ef39806326b",
      "employee_name": "Sharon Das",
      "test_type": "standard",
      "test_name": "Complete Blood Count",
      "test_count": 56,
      "revenue": 0
    },
    {
      "employee_id": "cf547e61-fa9c-4df7-9e2c-92cbb1602448",
      "employee_name": "Tenjish A",
      "test_type": "standard",
      "test_name": "Blood Smear ",
      "test_count": 56,
      "revenue": 0
    },
    {
      "employee_id": "487ae487-ea15-418d-83a4-1656b2519e54",
      "employee_name": "Alias Roy",
      "test_type": "test",
      "test_name": "Cow Calcium Test ",
      "test_count": 55,
      "revenue": 5500
    },
    {
      "employee_id": "bc0ef431-4a45-45f2-a842-6ced47ea99b8",
      "employee_name": "Nidhin V Antony",
      "test_type": "standard",
      "test_name": "Complete Blood Count",
      "test_count": 54,
      "revenue": 0
    },
    {
      "employee_id": "949cf84b-9880-4ed9-81c2-c1297b40d0dd",
      "employee_name": "Dibin O K",
      "test_type": "test",
      "test_name": "Bovine Pregnancy Diagnosis",
      "test_count": 54,
      "revenue": 23200
    },
    {
      "employee_id": "e8c6927e-8177-4cc6-9ede-f3827cd6b75c",
      "employee_name": "Mridhulraj",
      "test_type": "panel",
      "test_name": "Basic Haemoparasite Panel ( Blood Smear + CBC )",
      "test_count": 52,
      "revenue": 18200
    },
    {
      "employee_id": "ac20add5-f8b0-43d2-a923-9ef39806326b",
      "employee_name": "Sharon Das",
      "test_type": "panel",
      "test_name": "Basic Haemoparasite Panel ( Blood Smear + CBC )",
      "test_count": 52,
      "revenue": 18250
    },
    {
      "employee_id": "1521f943-1da6-4f4c-959f-807707947407",
      "employee_name": "Sarath Chandran",
      "test_type": "standard",
      "test_name": "Complete Blood Count",
      "test_count": 51,
      "revenue": 0
    },
    {
      "employee_id": "3b5e2538-81d0-4485-9935-233f0f37aaa4",
      "employee_name": "Anu T Vincent",
      "test_type": "test",
      "test_name": "Caprine Pregnancy Check",
      "test_count": 49,
      "revenue": 24300
    },
    {
      "employee_id": "e8c6927e-8177-4cc6-9ede-f3827cd6b75c",
      "employee_name": "Mridhulraj",
      "test_type": "standard",
      "test_name": "Complete Blood Count",
      "test_count": 49,
      "revenue": 0
    },
    {
      "employee_id": "e8c6927e-8177-4cc6-9ede-f3827cd6b75c",
      "employee_name": "Mridhulraj",
      "test_type": "standard",
      "test_name": "Blood Smear ",
      "test_count": 49,
      "revenue": 0
    },
    {
      "employee_id": "487ae487-ea15-418d-83a4-1656b2519e54",
      "employee_name": "Alias Roy",
      "test_type": "test",
      "test_name": "Phosphorus Test For Cow ",
      "test_count": 48,
      "revenue": 4800
    },
    {
      "employee_id": "949cf84b-9880-4ed9-81c2-c1297b40d0dd",
      "employee_name": "Dibin O K",
      "test_type": "standard",
      "test_name": "Complete Blood Count",
      "test_count": 48,
      "revenue": 0
    },
    {
      "employee_id": "949cf84b-9880-4ed9-81c2-c1297b40d0dd",
      "employee_name": "Dibin O K",
      "test_type": "standard",
      "test_name": "Blood Smear ",
      "test_count": 47,
      "revenue": 0
    },
    {
      "employee_id": "487ae487-ea15-418d-83a4-1656b2519e54",
      "employee_name": "Alias Roy",
      "test_type": "test",
      "test_name": "Glucose Test For Cow",
      "test_count": 47,
      "revenue": 4700
    },
    {
      "employee_id": "1521f943-1da6-4f4c-959f-807707947407",
      "employee_name": "Sarath Chandran",
      "test_type": "standard",
      "test_name": "Blood Smear ",
      "test_count": 46,
      "revenue": 0
    },
    {
      "employee_id": "7a12dea9-6641-41fe-8d07-a44d1f4b2b87",
      "employee_name": "Aswin S",
      "test_type": "panel",
      "test_name": "Basic Haemoparasite Panel ( Blood Smear + CBC )",
      "test_count": 46,
      "revenue": 16100
    },
    {
      "employee_id": "76df4bfb-8232-47d5-9801-a84cae714395",
      "employee_name": "Muhammed Sabir",
      "test_type": "test",
      "test_name": "Bovine Pregnancy Diagnosis",
      "test_count": 46,
      "revenue": 20600
    },
    {
      "employee_id": "b5aa9436-eeb3-48d9-a4c4-3f44ce152fb1",
      "employee_name": "Dr Freddy k sam",
      "test_type": "test",
      "test_name": "Phosphorus Test For Cow ",
      "test_count": 46,
      "revenue": 4600
    },
    {
      "employee_id": "b5aa9436-eeb3-48d9-a4c4-3f44ce152fb1",
      "employee_name": "Dr Freddy k sam",
      "test_type": "test",
      "test_name": "Faecal Sample Examination",
      "test_count": 45,
      "revenue": 7350
    },
    {
      "employee_id": "69525762-ed6e-4dda-91c2-b46752bf094d",
      "employee_name": "Jayan R",
      "test_type": "test",
      "test_name": "Bovine Pregnancy Diagnosis",
      "test_count": 44,
      "revenue": 19100
    },
    {
      "employee_id": "2093fe15-5d32-4dfe-bee2-d36239fddccf",
      "employee_name": "Dheeraj R",
      "test_type": "panel",
      "test_name": "Basic Haemoparasite Panel ( Blood Smear + CBC )",
      "test_count": 42,
      "revenue": 14700
    },
    {
      "employee_id": "1541cacf-2d7c-4fa8-8662-3959a8b11594",
      "employee_name": "Abel k Jubin",
      "test_type": "test",
      "test_name": "Bovine Pregnancy Diagnosis",
      "test_count": 42,
      "revenue": 18100
    },
    {
      "employee_id": "7a12dea9-6641-41fe-8d07-a44d1f4b2b87",
      "employee_name": "Aswin S",
      "test_type": "standard",
      "test_name": "Complete Blood Count",
      "test_count": 41,
      "revenue": 0
    },
    {
      "employee_id": "c815b3fc-f016-42ef-a868-e4979151404b",
      "employee_name": "Vishnu M",
      "test_type": "standard",
      "test_name": "Complete Blood Count ( CBC )",
      "test_count": 40,
      "revenue": 0
    },
    {
      "employee_id": "07a806ed-fa18-4665-80da-86a77a18de33",
      "employee_name": "Midhun",
      "test_type": "test",
      "test_name": "Canine Haemoparasite Molecular Test ( PCR )",
      "test_count": 40,
      "revenue": 80000
    },
    {
      "employee_id": "f3d42c0e-675b-4657-bc06-46514ee0f84c",
      "employee_name": "Lewis Benhar",
      "test_type": "test",
      "test_name": "Cow Calcium Test ",
      "test_count": 40,
      "revenue": 4000
    },
    {
      "employee_id": "37dfb423-61b5-4bce-bbaf-f19a867e8815",
      "employee_name": "Jenish P J",
      "test_type": "test",
      "test_name": "Phosphorus Test For Cow ",
      "test_count": 39,
      "revenue": 3900
    },
    {
      "employee_id": "37dfb423-61b5-4bce-bbaf-f19a867e8815",
      "employee_name": "Jenish P J",
      "test_type": "test",
      "test_name": "Cow Calcium Test ",
      "test_count": 39,
      "revenue": 3900
    },
    {
      "employee_id": "ac20add5-f8b0-43d2-a923-9ef39806326b",
      "employee_name": "Sharon Das",
      "test_type": "standard",
      "test_name": "Blood Smear ",
      "test_count": 39,
      "revenue": 0
    },
    {
      "employee_id": "2093fe15-5d32-4dfe-bee2-d36239fddccf",
      "employee_name": "Dheeraj R",
      "test_type": "standard",
      "test_name": "Complete Blood Count",
      "test_count": 39,
      "revenue": 0
    },
    {
      "employee_id": "2093fe15-5d32-4dfe-bee2-d36239fddccf",
      "employee_name": "Dheeraj R",
      "test_type": "standard",
      "test_name": "Blood Smear ",
      "test_count": 39,
      "revenue": 0
    },
    {
      "employee_id": "fdf32aa2-5a1b-47e6-8732-c233e2343e6f",
      "employee_name": "Yadhu krishnan N P",
      "test_type": "standard",
      "test_name": "Blood Smear ",
      "test_count": 39,
      "revenue": 0
    },
    {
      "employee_id": "fdf32aa2-5a1b-47e6-8732-c233e2343e6f",
      "employee_name": "Yadhu krishnan N P",
      "test_type": "panel",
      "test_name": "Basic Haemoparasite Panel ( Blood Smear + CBC )",
      "test_count": 36,
      "revenue": 12600
    },
    {
      "employee_id": "7a12dea9-6641-41fe-8d07-a44d1f4b2b87",
      "employee_name": "Aswin S",
      "test_type": "standard",
      "test_name": "Blood Smear ",
      "test_count": 36,
      "revenue": 0
    },
    {
      "employee_id": "69525762-ed6e-4dda-91c2-b46752bf094d",
      "employee_name": "Jayan R",
      "test_type": "panel",
      "test_name": "Basic Haemoparasite Panel ( Blood Smear + CBC )",
      "test_count": 35,
      "revenue": 12250
    },
    {
      "employee_id": "37dfb423-61b5-4bce-bbaf-f19a867e8815",
      "employee_name": "Jenish P J",
      "test_type": "test",
      "test_name": "Faecal Sample Examination",
      "test_count": 33,
      "revenue": 5100
    },
    {
      "employee_id": "7a12dea9-6641-41fe-8d07-a44d1f4b2b87",
      "employee_name": "Aswin S",
      "test_type": "test",
      "test_name": "Bovine Pregnancy Diagnosis",
      "test_count": 31,
      "revenue": 13650
    },
    {
      "employee_id": "b5aa9436-eeb3-48d9-a4c4-3f44ce152fb1",
      "employee_name": "Dr Freddy k sam",
      "test_type": "test",
      "test_name": "Creatinine",
      "test_count": 31,
      "revenue": 9300
    },
    {
      "employee_id": "487ae487-ea15-418d-83a4-1656b2519e54",
      "employee_name": "Alias Roy",
      "test_type": "test",
      "test_name": "Bovine Pregnancy Diagnosis",
      "test_count": 30,
      "revenue": 13500
    },
    {
      "employee_id": "368af367-0696-4f5d-a6d9-c328af8088b5",
      "employee_name": "Shinto Antony",
      "test_type": "panel",
      "test_name": "Basic Haemoparasite Panel ( Blood Smear + CBC )",
      "test_count": 29,
      "revenue": 10050
    },
    {
      "employee_id": "b5aa9436-eeb3-48d9-a4c4-3f44ce152fb1",
      "employee_name": "Dr Freddy k sam",
      "test_type": "test",
      "test_name": "Magnesium",
      "test_count": 28,
      "revenue": 8400
    },
    {
      "employee_id": "3b5e2538-81d0-4485-9935-233f0f37aaa4",
      "employee_name": "Anu T Vincent",
      "test_type": "test",
      "test_name": "Kidney Function Test ( KFT ) - Basic",
      "test_count": 28,
      "revenue": 8400
    },
    {
      "employee_id": "3b5e2538-81d0-4485-9935-233f0f37aaa4",
      "employee_name": "Anu T Vincent",
      "test_type": "test",
      "test_name": "Liver Function Test ( LFT ) - Basic",
      "test_count": 28,
      "revenue": 16800
    },
    {
      "employee_id": "f035cdde-ffea-4d4d-b07e-d58ce128716c",
      "employee_name": "Akhil I G",
      "test_type": "panel",
      "test_name": "Basic Haemoparasite Panel ( Blood Smear + CBC )",
      "test_count": 28,
      "revenue": 9900
    },
    {
      "employee_id": "69525762-ed6e-4dda-91c2-b46752bf094d",
      "employee_name": "Jayan R",
      "test_type": "standard",
      "test_name": "Blood Smear ",
      "test_count": 27,
      "revenue": 0
    },
    {
      "employee_id": "c815b3fc-f016-42ef-a868-e4979151404b",
      "employee_name": "Vishnu M",
      "test_type": "test",
      "test_name": "Faecal Sample Examination",
      "test_count": 27,
      "revenue": 4050
    },
    {
      "employee_id": "69525762-ed6e-4dda-91c2-b46752bf094d",
      "employee_name": "Jayan R",
      "test_type": "standard",
      "test_name": "Complete Blood Count",
      "test_count": 27,
      "revenue": 0
    },
    {
      "employee_id": "dd63b71b-fc78-4081-8612-2d71b386691b",
      "employee_name": "Rajeev Gopi",
      "test_type": "test",
      "test_name": "Cow Calcium Test ",
      "test_count": 26,
      "revenue": 2600
    },
    {
      "employee_id": "cdca717e-9680-46fa-beeb-2437ddeefbfe",
      "employee_name": "Nived K",
      "test_type": "standard",
      "test_name": "Blood Smear ",
      "test_count": 25,
      "revenue": 0
    },
    {
      "employee_id": "cdca717e-9680-46fa-beeb-2437ddeefbfe",
      "employee_name": "Nived K",
      "test_type": "standard",
      "test_name": "Complete Blood Count",
      "test_count": 25,
      "revenue": 0
    },
    {
      "employee_id": "cdca717e-9680-46fa-beeb-2437ddeefbfe",
      "employee_name": "Nived K",
      "test_type": "panel",
      "test_name": "Basic Haemoparasite Panel ( Blood Smear + CBC )",
      "test_count": 25,
      "revenue": 8750
    },
    {
      "employee_id": "dd63b71b-fc78-4081-8612-2d71b386691b",
      "employee_name": "Rajeev Gopi",
      "test_type": "test",
      "test_name": "Liver Function Test (LFT) - Basic",
      "test_count": 24,
      "revenue": 7200
    },
    {
      "employee_id": "c815b3fc-f016-42ef-a868-e4979151404b",
      "employee_name": "Vishnu M",
      "test_type": "standard",
      "test_name": "Peripheral Blood Smear",
      "test_count": 23,
      "revenue": 0
    },
    {
      "employee_id": "cdca717e-9680-46fa-beeb-2437ddeefbfe",
      "employee_name": "Nived K",
      "test_type": "test",
      "test_name": "Caprine Pregnancy Check",
      "test_count": 23,
      "revenue": 11350
    },
    {
      "employee_id": "f3d42c0e-675b-4657-bc06-46514ee0f84c",
      "employee_name": "Lewis Benhar",
      "test_type": "test",
      "test_name": "Phosphorus Test For Cow ",
      "test_count": 22,
      "revenue": 2200
    },
    {
      "employee_id": "f035cdde-ffea-4d4d-b07e-d58ce128716c",
      "employee_name": "Akhil I G",
      "test_type": "standard",
      "test_name": "Complete Blood Count",
      "test_count": 22,
      "revenue": 0
    },
    {
      "employee_id": "c815b3fc-f016-42ef-a868-e4979151404b",
      "employee_name": "Vishnu M",
      "test_type": "test",
      "test_name": "Cow Calcium Test ",
      "test_count": 22,
      "revenue": 2200
    },
    {
      "employee_id": "b5aa9436-eeb3-48d9-a4c4-3f44ce152fb1",
      "employee_name": "Dr Freddy k sam",
      "test_type": "standard",
      "test_name": "Blood Smear",
      "test_count": 21,
      "revenue": 0
    },
    {
      "employee_id": "c815b3fc-f016-42ef-a868-e4979151404b",
      "employee_name": "Vishnu M",
      "test_type": "test",
      "test_name": "Phosphorus Test For Cow ",
      "test_count": 21,
      "revenue": 2100
    },
    {
      "employee_id": "3b5e2538-81d0-4485-9935-233f0f37aaa4",
      "employee_name": "Anu T Vincent",
      "test_type": "test",
      "test_name": "Peripheral Blood Smear",
      "test_count": 21,
      "revenue": 6300
    },
    {
      "employee_id": "07a806ed-fa18-4665-80da-86a77a18de33",
      "employee_name": "Midhun",
      "test_type": "panel",
      "test_name": "Basic Haemoparasite Panel ( Blood Smear + CBC )",
      "test_count": 21,
      "revenue": 7650
    },
    {
      "employee_id": "fdf32aa2-5a1b-47e6-8732-c233e2343e6f",
      "employee_name": "Yadhu krishnan N P",
      "test_type": "test",
      "test_name": "Caprine Pregnancy Check",
      "test_count": 21,
      "revenue": 10500
    },
    {
      "employee_id": "f035cdde-ffea-4d4d-b07e-d58ce128716c",
      "employee_name": "Akhil I G",
      "test_type": "standard",
      "test_name": "Blood Smear ",
      "test_count": 20,
      "revenue": 0
    },
    {
      "employee_id": "3b5e2538-81d0-4485-9935-233f0f37aaa4",
      "employee_name": "Anu T Vincent",
      "test_type": "test",
      "test_name": "Cow Calcium Test ",
      "test_count": 20,
      "revenue": 2000
    },
    {
      "employee_id": "b5aa9436-eeb3-48d9-a4c4-3f44ce152fb1",
      "employee_name": "Dr Freddy k sam",
      "test_type": "test",
      "test_name": "Liver Function Test ( LFT ) - Basic",
      "test_count": 20,
      "revenue": 12000
    },
    {
      "employee_id": "b5aa9436-eeb3-48d9-a4c4-3f44ce152fb1",
      "employee_name": "Dr Freddy k sam",
      "test_type": "panel",
      "test_name": "Culture and Sensitivity Test",
      "test_count": 20,
      "revenue": 11000
    },
    {
      "employee_id": "bf6419c1-e8ce-4b33-8891-02924edc20c7",
      "employee_name": "Akarsh",
      "test_type": "panel",
      "test_name": "Basic Haemoparasite Panel ( Blood Smear + CBC )",
      "test_count": 20,
      "revenue": 7000
    },
    {
      "employee_id": "37dfb423-61b5-4bce-bbaf-f19a867e8815",
      "employee_name": "Jenish P J",
      "test_type": "standard",
      "test_name": "Blood Smear",
      "test_count": 19,
      "revenue": 0
    },
    {
      "employee_id": "368af367-0696-4f5d-a6d9-c328af8088b5",
      "employee_name": "Shinto Antony",
      "test_type": "standard",
      "test_name": "Blood Smear ",
      "test_count": 19,
      "revenue": 0
    },
    {
      "employee_id": "07a806ed-fa18-4665-80da-86a77a18de33",
      "employee_name": "Midhun",
      "test_type": "test",
      "test_name": "Insulin",
      "test_count": 19,
      "revenue": 11400
    },
    {
      "employee_id": "07a806ed-fa18-4665-80da-86a77a18de33",
      "employee_name": "Midhun",
      "test_type": "test",
      "test_name": "Lipid Profile",
      "test_count": 19,
      "revenue": 7600
    },
    {
      "employee_id": "f3d42c0e-675b-4657-bc06-46514ee0f84c",
      "employee_name": "Lewis Benhar",
      "test_type": "test",
      "test_name": "Magnesium",
      "test_count": 19,
      "revenue": 5300
    },
    {
      "employee_id": "c815b3fc-f016-42ef-a868-e4979151404b",
      "employee_name": "Vishnu M",
      "test_type": "test",
      "test_name": "Phosphorous",
      "test_count": 18,
      "revenue": 1800
    },
    {
      "employee_id": "f035cdde-ffea-4d4d-b07e-d58ce128716c",
      "employee_name": "Akhil I G",
      "test_type": "test",
      "test_name": "Caprine Pregnancy Check",
      "test_count": 18,
      "revenue": 9000
    },
    {
      "employee_id": "c815b3fc-f016-42ef-a868-e4979151404b",
      "employee_name": "Vishnu M",
      "test_type": "test",
      "test_name": "Calcium ",
      "test_count": 18,
      "revenue": 1800
    },
    {
      "employee_id": "368af367-0696-4f5d-a6d9-c328af8088b5",
      "employee_name": "Shinto Antony",
      "test_type": "standard",
      "test_name": "Complete Blood Count",
      "test_count": 18,
      "revenue": 0
    },
    {
      "employee_id": "b5aa9436-eeb3-48d9-a4c4-3f44ce152fb1",
      "employee_name": "Dr Freddy k sam",
      "test_type": "test",
      "test_name": "Liver Function Test (LFT) - Basic",
      "test_count": 18,
      "revenue": 5400
    },
    {
      "employee_id": "fc27e79a-5b1f-4433-8f67-cb70c810094e",
      "employee_name": "Rajeev P P",
      "test_type": "panel",
      "test_name": "Basic Haemoparasite Panel ( Blood Smear + CBC )",
      "test_count": 18,
      "revenue": 6300
    },
    {
      "employee_id": "eb07d040-1547-42dc-a491-fc232e12d6ff",
      "employee_name": "Vishnu udayan",
      "test_type": "test",
      "test_name": "Cow Calcium Test ",
      "test_count": 18,
      "revenue": 1800
    },
    {
      "employee_id": "bf6419c1-e8ce-4b33-8891-02924edc20c7",
      "employee_name": "Akarsh",
      "test_type": "standard",
      "test_name": "Blood Smear ",
      "test_count": 17,
      "revenue": 0
    },
    {
      "employee_id": "bf6419c1-e8ce-4b33-8891-02924edc20c7",
      "employee_name": "Akarsh",
      "test_type": "standard",
      "test_name": "Complete Blood Count",
      "test_count": 17,
      "revenue": 0
    },
    {
      "employee_id": "37dfb423-61b5-4bce-bbaf-f19a867e8815",
      "employee_name": "Jenish P J",
      "test_type": "test",
      "test_name": "Caprine Pregnancy Check",
      "test_count": 17,
      "revenue": 8500
    },
    {
      "employee_id": "b5aa9436-eeb3-48d9-a4c4-3f44ce152fb1",
      "employee_name": "Dr Freddy k sam",
      "test_type": "standard",
      "test_name": "ANTIMICROBIAL AGENT - Culture and Sensitivity",
      "test_count": 16,
      "revenue": 0
    },
    {
      "employee_id": "2093fe15-5d32-4dfe-bee2-d36239fddccf",
      "employee_name": "Dheeraj R",
      "test_type": "test",
      "test_name": "Bovine Pregnancy Diagnosis",
      "test_count": 16,
      "revenue": 5800
    },
    {
      "employee_id": "cf547e61-fa9c-4df7-9e2c-92cbb1602448",
      "employee_name": "Tenjish A",
      "test_type": "test",
      "test_name": "Cow Calcium Test ",
      "test_count": 16,
      "revenue": 1600
    },
    {
      "employee_id": "b5aa9436-eeb3-48d9-a4c4-3f44ce152fb1",
      "employee_name": "Dr Freddy k sam",
      "test_type": "standard",
      "test_name": "Microbiology - Culture and Sensitivity",
      "test_count": 16,
      "revenue": 0
    },
    {
      "employee_id": "3b5e2538-81d0-4485-9935-233f0f37aaa4",
      "employee_name": "Anu T Vincent",
      "test_type": "test",
      "test_name": "Liver Function Test (LFT) - Basic",
      "test_count": 16,
      "revenue": 4800
    },
    {
      "employee_id": "dd63b71b-fc78-4081-8612-2d71b386691b",
      "employee_name": "Rajeev Gopi",
      "test_type": "test",
      "test_name": "Phosphorus Test For Cow ",
      "test_count": 16,
      "revenue": 1600
    },
    {
      "employee_id": "ac20add5-f8b0-43d2-a923-9ef39806326b",
      "employee_name": "Sharon Das",
      "test_type": "test",
      "test_name": "Phosphorus Test For Cow ",
      "test_count": 15,
      "revenue": 1500
    },
    {
      "employee_id": "1ee71aee-dc1e-426e-8d02-cdd4a18a6301",
      "employee_name": "Ajay Krishna N S",
      "test_type": "test",
      "test_name": "Complete Blood Count",
      "test_count": 15,
      "revenue": 4500
    },
    {
      "employee_id": "b09c50e1-aa6c-463a-b05c-5fe571089dc9",
      "employee_name": "Saleem P M",
      "test_type": "standard",
      "test_name": "Blood Smear ",
      "test_count": 14,
      "revenue": 0
    },
    {
      "employee_id": "b09c50e1-aa6c-463a-b05c-5fe571089dc9",
      "employee_name": "Saleem P M",
      "test_type": "standard",
      "test_name": "Complete Blood Count",
      "test_count": 14,
      "revenue": 0
    },
    {
      "employee_id": "487ae487-ea15-418d-83a4-1656b2519e54",
      "employee_name": "Alias Roy",
      "test_type": "standard",
      "test_name": "Microbiology - Culture and Sensitivity",
      "test_count": 14,
      "revenue": 0
    },
    {
      "employee_id": "b09c50e1-aa6c-463a-b05c-5fe571089dc9",
      "employee_name": "Saleem P M",
      "test_type": "panel",
      "test_name": "Basic Haemoparasite Panel ( Blood Smear + CBC )",
      "test_count": 14,
      "revenue": 4900
    },
    {
      "employee_id": "5d15c54b-8883-45c0-924e-df324376e016",
      "employee_name": "Vinu Prasanth A",
      "test_type": "panel",
      "test_name": "Basic Haemoparasite Panel ( Blood Smear + CBC )",
      "test_count": 14,
      "revenue": 4900
    },
    {
      "employee_id": "487ae487-ea15-418d-83a4-1656b2519e54",
      "employee_name": "Alias Roy",
      "test_type": "standard",
      "test_name": "ANTIMICROBIAL AGENT - Culture and Sensitivity",
      "test_count": 14,
      "revenue": 0
    },
    {
      "employee_id": "487ae487-ea15-418d-83a4-1656b2519e54",
      "employee_name": "Alias Roy",
      "test_type": "panel",
      "test_name": "Culture and Sensitivity Test",
      "test_count": 14,
      "revenue": 7700
    },
    {
      "employee_id": "fc27e79a-5b1f-4433-8f67-cb70c810094e",
      "employee_name": "Rajeev P P",
      "test_type": "standard",
      "test_name": "Complete Blood Count",
      "test_count": 14,
      "revenue": 0
    },
    {
      "employee_id": "fc27e79a-5b1f-4433-8f67-cb70c810094e",
      "employee_name": "Rajeev P P",
      "test_type": "standard",
      "test_name": "Blood Smear ",
      "test_count": 14,
      "revenue": 0
    },
    {
      "employee_id": "1521f943-1da6-4f4c-959f-807707947407",
      "employee_name": "Sarath Chandran",
      "test_type": "test",
      "test_name": "Bovine Pregnancy Diagnosis",
      "test_count": 13,
      "revenue": 5850
    },
    {
      "employee_id": "cdca717e-9680-46fa-beeb-2437ddeefbfe",
      "employee_name": "Nived K",
      "test_type": "test",
      "test_name": "Bovine Haemoparasite Molecular Maxi Panel",
      "test_count": 13,
      "revenue": 13000
    },
    {
      "employee_id": "f3d42c0e-675b-4657-bc06-46514ee0f84c",
      "employee_name": "Lewis Benhar",
      "test_type": "test",
      "test_name": "Faecal Sample Examination",
      "test_count": 13,
      "revenue": 1950
    },
    {
      "employee_id": "cf547e61-fa9c-4df7-9e2c-92cbb1602448",
      "employee_name": "Tenjish A",
      "test_type": "test",
      "test_name": "Caprine Pregnancy Check",
      "test_count": 13,
      "revenue": 6500
    },
    {
      "employee_id": "f3d42c0e-675b-4657-bc06-46514ee0f84c",
      "employee_name": "Lewis Benhar",
      "test_type": "test",
      "test_name": "Liver Function Test (LFT) - Basic",
      "test_count": 13,
      "revenue": 3900
    },
    {
      "employee_id": "ac20add5-f8b0-43d2-a923-9ef39806326b",
      "employee_name": "Sharon Das",
      "test_type": "test",
      "test_name": "Cow Calcium Test ",
      "test_count": 13,
      "revenue": 1300
    },
    {
      "employee_id": "5f6fd970-94fc-4748-9162-bf754d929a17",
      "employee_name": "shinto",
      "test_type": "test",
      "test_name": "Complete Blood Count",
      "test_count": 13,
      "revenue": 3900
    },
    {
      "employee_id": "1ee71aee-dc1e-426e-8d02-cdd4a18a6301",
      "employee_name": "Ajay Krishna N S",
      "test_type": "test",
      "test_name": "Bovine Pregnancy Diagnosis",
      "test_count": 13,
      "revenue": 5850
    },
    {
      "employee_id": "5d15c54b-8883-45c0-924e-df324376e016",
      "employee_name": "Vinu Prasanth A",
      "test_type": "standard",
      "test_name": "Blood Smear ",
      "test_count": 13,
      "revenue": 0
    },
    {
      "employee_id": "5d15c54b-8883-45c0-924e-df324376e016",
      "employee_name": "Vinu Prasanth A",
      "test_type": "standard",
      "test_name": "Complete Blood Count",
      "test_count": 13,
      "revenue": 0
    },
    {
      "employee_id": "1541cacf-2d7c-4fa8-8662-3959a8b11594",
      "employee_name": "Abel k Jubin",
      "test_type": "test",
      "test_name": " Brucellosis PCR",
      "test_count": 12,
      "revenue": 12000
    },
    {
      "employee_id": "1521f943-1da6-4f4c-959f-807707947407",
      "employee_name": "Sarath Chandran",
      "test_type": "test",
      "test_name": "Liver Function Test (LFT) - Advanced",
      "test_count": 12,
      "revenue": 7200
    },
    {
      "employee_id": "07a806ed-fa18-4665-80da-86a77a18de33",
      "employee_name": "Midhun",
      "test_type": "test",
      "test_name": "Liver Function Test (LFT) - Advanced",
      "test_count": 12,
      "revenue": 7600
    },
    {
      "employee_id": "b5aa9436-eeb3-48d9-a4c4-3f44ce152fb1",
      "employee_name": "Dr Freddy k sam",
      "test_type": "test",
      "test_name": "Urine Examination",
      "test_count": 12,
      "revenue": 1800
    },
    {
      "employee_id": "13b674bb-c3a1-4b69-b198-633f2ce1f158",
      "employee_name": "Able",
      "test_type": "test",
      "test_name": "Bovine Pregnancy Diagnosis",
      "test_count": 12,
      "revenue": 4500
    },
    {
      "employee_id": "07a806ed-fa18-4665-80da-86a77a18de33",
      "employee_name": "Midhun",
      "test_type": "test",
      "test_name": "Complete Blood Count",
      "test_count": 11,
      "revenue": 2200
    },
    {
      "employee_id": "b5aa9436-eeb3-48d9-a4c4-3f44ce152fb1",
      "employee_name": "Dr Freddy k sam",
      "test_type": "test",
      "test_name": "Caprine Pregnancy Check",
      "test_count": 11,
      "revenue": 5500
    },
    {
      "employee_id": "eb07d040-1547-42dc-a491-fc232e12d6ff",
      "employee_name": "Vishnu udayan",
      "test_type": "test",
      "test_name": "Phosphorus Test For Cow ",
      "test_count": 11,
      "revenue": 1100
    },
    {
      "employee_id": "c815b3fc-f016-42ef-a868-e4979151404b",
      "employee_name": "Vishnu M",
      "test_type": "test",
      "test_name": "Buffalo Pregnancy Check",
      "test_count": 11,
      "revenue": 5350
    },
    {
      "employee_id": "cf547e61-fa9c-4df7-9e2c-92cbb1602448",
      "employee_name": "Tenjish A",
      "test_type": "test",
      "test_name": " Brucellosis PCR",
      "test_count": 11,
      "revenue": 11000
    },
    {
      "employee_id": "1ee71aee-dc1e-426e-8d02-cdd4a18a6301",
      "employee_name": "Ajay Krishna N S",
      "test_type": "test",
      "test_name": "Liver Function Test (LFT) - Advanced",
      "test_count": 11,
      "revenue": 6600
    },
    {
      "employee_id": "c815b3fc-f016-42ef-a868-e4979151404b",
      "employee_name": "Vishnu M",
      "test_type": "standard",
      "test_name": "Blood Smear",
      "test_count": 11,
      "revenue": 0
    },
    {
      "employee_id": "1ee71aee-dc1e-426e-8d02-cdd4a18a6301",
      "employee_name": "Ajay Krishna N S",
      "test_type": "test",
      "test_name": "Kidney Function Test ( KFT)  - Advanced",
      "test_count": 11,
      "revenue": 2750
    },
    {
      "employee_id": "07a806ed-fa18-4665-80da-86a77a18de33",
      "employee_name": "Midhun",
      "test_type": "test",
      "test_name": "Kidney Function Test ( KFT)  - Advanced",
      "test_count": 11,
      "revenue": 2750
    },
    {
      "employee_id": "07a806ed-fa18-4665-80da-86a77a18de33",
      "employee_name": "Midhun",
      "test_type": "standard",
      "test_name": "Complete Blood Count",
      "test_count": 11,
      "revenue": 0
    },
    {
      "employee_id": "5f6fd970-94fc-4748-9162-bf754d929a17",
      "employee_name": "shinto",
      "test_type": "standard",
      "test_name": "Bovine CBC",
      "test_count": 10,
      "revenue": 0
    },
    {
      "employee_id": "3b5e2538-81d0-4485-9935-233f0f37aaa4",
      "employee_name": "Anu T Vincent",
      "test_type": "test",
      "test_name": "Phosphorus Test For Cow ",
      "test_count": 10,
      "revenue": 1000
    },
    {
      "employee_id": "07a806ed-fa18-4665-80da-86a77a18de33",
      "employee_name": "Midhun",
      "test_type": "standard",
      "test_name": "Blood Smear ",
      "test_count": 10,
      "revenue": 0
    },
    {
      "employee_id": "c867a6ef-206b-4c97-8ec0-87b5d1ad1694",
      "employee_name": "Santhosh C S",
      "test_type": "standard",
      "test_name": "Blood Smear",
      "test_count": 10,
      "revenue": 0
    },
    {
      "employee_id": "5f6fd970-94fc-4748-9162-bf754d929a17",
      "employee_name": "shinto",
      "test_type": "standard",
      "test_name": "Blood Smear ",
      "test_count": 10,
      "revenue": 0
    },
    {
      "employee_id": "07a806ed-fa18-4665-80da-86a77a18de33",
      "employee_name": "Midhun",
      "test_type": "test",
      "test_name": "Ehrlichia canis PCR",
      "test_count": 9,
      "revenue": 7200
    },
    {
      "employee_id": "07a806ed-fa18-4665-80da-86a77a18de33",
      "employee_name": "Midhun",
      "test_type": "test",
      "test_name": "PCR Test For Leptospirosis",
      "test_count": 9,
      "revenue": 7200
    },
    {
      "employee_id": "c815b3fc-f016-42ef-a868-e4979151404b",
      "employee_name": "Vishnu M",
      "test_type": "test",
      "test_name": "Caprine Pregnancy Check",
      "test_count": 9,
      "revenue": 4500
    },
    {
      "employee_id": "c867a6ef-206b-4c97-8ec0-87b5d1ad1694",
      "employee_name": "Santhosh C S",
      "test_type": "test",
      "test_name": "Bovine Pregnancy Diagnosis",
      "test_count": 9,
      "revenue": 4050
    },
    {
      "employee_id": "dd63b71b-fc78-4081-8612-2d71b386691b",
      "employee_name": "Rajeev Gopi",
      "test_type": "test",
      "test_name": "Magnesium",
      "test_count": 9,
      "revenue": 2600
    },
    {
      "employee_id": "ff371fee-4653-4da4-ba6a-e4dbd1d29699",
      "employee_name": "Biotech",
      "test_type": "panel",
      "test_name": "Basic Haemoparasite Panel ( Blood Smear + CBC )",
      "test_count": 9,
      "revenue": 3600
    },
    {
      "employee_id": "7cb21b2d-f59d-4113-b8d7-8470da4d9548",
      "employee_name": "Sivadas K P",
      "test_type": "test",
      "test_name": "Bovine Pregnancy Diagnosis",
      "test_count": 9,
      "revenue": 3750
    },
    {
      "employee_id": "95d47558-3afa-472b-8a1f-e28cb8483900",
      "employee_name": "Jithesh P K",
      "test_type": "test",
      "test_name": "Cow Calcium Test ",
      "test_count": 9,
      "revenue": 900
    },
    {
      "employee_id": "37dfb423-61b5-4bce-bbaf-f19a867e8815",
      "employee_name": "Jenish P J",
      "test_type": "standard",
      "test_name": "Complete Blood Count ( CBC )",
      "test_count": 9,
      "revenue": 0
    },
    {
      "employee_id": "37dfb423-61b5-4bce-bbaf-f19a867e8815",
      "employee_name": "Jenish P J",
      "test_type": "standard",
      "test_name": "Peripheral Blood Smear",
      "test_count": 9,
      "revenue": 0
    },
    {
      "employee_id": "487ae487-ea15-418d-83a4-1656b2519e54",
      "employee_name": "Alias Roy",
      "test_type": "test",
      "test_name": "Liver Function Test (LFT) - Basic",
      "test_count": 9,
      "revenue": 2700
    },
    {
      "employee_id": "dd63b71b-fc78-4081-8612-2d71b386691b",
      "employee_name": "Rajeev Gopi",
      "test_type": "test",
      "test_name": "Glucose Test For Cow",
      "test_count": 9,
      "revenue": 900
    },
    {
      "employee_id": "b5aa9436-eeb3-48d9-a4c4-3f44ce152fb1",
      "employee_name": "Dr Freddy k sam",
      "test_type": "test",
      "test_name": "Kidney Function Test ( KFT ) - Basic",
      "test_count": 8,
      "revenue": 2400
    },
    {
      "employee_id": "ff371fee-4653-4da4-ba6a-e4dbd1d29699",
      "employee_name": "Biotech",
      "test_type": "standard",
      "test_name": "Peripheral Blood Smear",
      "test_count": 8,
      "revenue": 0
    },
    {
      "employee_id": "487ae487-ea15-418d-83a4-1656b2519e54",
      "employee_name": "Alias Roy",
      "test_type": "test",
      "test_name": "Magnesium",
      "test_count": 8,
      "revenue": 2200
    },
    {
      "employee_id": "a6c386e1-91f9-4399-bb1a-62fc88c9f842",
      "employee_name": "Muhammed Rishad M",
      "test_type": "panel",
      "test_name": "Basic Haemoparasite Panel ( Blood Smear + CBC )",
      "test_count": 8,
      "revenue": 2800
    },
    {
      "employee_id": "eb07d040-1547-42dc-a491-fc232e12d6ff",
      "employee_name": "Vishnu udayan",
      "test_type": "test",
      "test_name": "Faecal Sample Examination",
      "test_count": 8,
      "revenue": 1200
    },
    {
      "employee_id": "37dfb423-61b5-4bce-bbaf-f19a867e8815",
      "employee_name": "Jenish P J",
      "test_type": "test",
      "test_name": "Urine Examination",
      "test_count": 8,
      "revenue": 1200
    },
    {
      "employee_id": "1541cacf-2d7c-4fa8-8662-3959a8b11594",
      "employee_name": "Abel k Jubin",
      "test_type": "standard",
      "test_name": "Blood Smear",
      "test_count": 8,
      "revenue": 0
    },
    {
      "employee_id": "ff371fee-4653-4da4-ba6a-e4dbd1d29699",
      "employee_name": "Biotech",
      "test_type": "standard",
      "test_name": "Complete Blood Count ( CBC )",
      "test_count": 8,
      "revenue": 0
    },
    {
      "employee_id": "f3d42c0e-675b-4657-bc06-46514ee0f84c",
      "employee_name": "Lewis Benhar",
      "test_type": "test",
      "test_name": "Blood Smear",
      "test_count": 7,
      "revenue": 1400
    },
    {
      "employee_id": "1ee71aee-dc1e-426e-8d02-cdd4a18a6301",
      "employee_name": "Ajay Krishna N S",
      "test_type": "standard",
      "test_name": "Complete Blood Count",
      "test_count": 7,
      "revenue": 0
    },
    {
      "employee_id": "368af367-0696-4f5d-a6d9-c328af8088b5",
      "employee_name": "Shinto Antony",
      "test_type": "test",
      "test_name": "Magnesium",
      "test_count": 7,
      "revenue": 1400
    },
    {
      "employee_id": "1521f943-1da6-4f4c-959f-807707947407",
      "employee_name": "Sarath Chandran",
      "test_type": "test",
      "test_name": "Cow Calcium Test ",
      "test_count": 7,
      "revenue": 700
    },
    {
      "employee_id": "a6c386e1-91f9-4399-bb1a-62fc88c9f842",
      "employee_name": "Muhammed Rishad M",
      "test_type": "standard",
      "test_name": "Complete Blood Count",
      "test_count": 7,
      "revenue": 0
    },
    {
      "employee_id": "368af367-0696-4f5d-a6d9-c328af8088b5",
      "employee_name": "Shinto Antony",
      "test_type": "test",
      "test_name": "Glucose Test For Cow",
      "test_count": 7,
      "revenue": 700
    },
    {
      "employee_id": "13b674bb-c3a1-4b69-b198-633f2ce1f158",
      "employee_name": "Able",
      "test_type": "standard",
      "test_name": "Bovine CBC",
      "test_count": 7,
      "revenue": 0
    },
    {
      "employee_id": "ac20add5-f8b0-43d2-a923-9ef39806326b",
      "employee_name": "Sharon Das",
      "test_type": "test",
      "test_name": "Magnesium",
      "test_count": 7,
      "revenue": 1400
    },
    {
      "employee_id": "ac20add5-f8b0-43d2-a923-9ef39806326b",
      "employee_name": "Sharon Das",
      "test_type": "test",
      "test_name": "Complete Blood Count",
      "test_count": 7,
      "revenue": 1750
    },
    {
      "employee_id": "c867a6ef-206b-4c97-8ec0-87b5d1ad1694",
      "employee_name": "Santhosh C S",
      "test_type": "test",
      "test_name": "Cow Calcium Test ",
      "test_count": 7,
      "revenue": 700
    },
    {
      "employee_id": "2093fe15-5d32-4dfe-bee2-d36239fddccf",
      "employee_name": "Dheeraj R",
      "test_type": "test",
      "test_name": "Cow Calcium Test ",
      "test_count": 7,
      "revenue": 700
    },
    {
      "employee_id": "a6c386e1-91f9-4399-bb1a-62fc88c9f842",
      "employee_name": "Muhammed Rishad M",
      "test_type": "standard",
      "test_name": "Blood Smear ",
      "test_count": 7,
      "revenue": 0
    },
    {
      "employee_id": "3b5e2538-81d0-4485-9935-233f0f37aaa4",
      "employee_name": "Anu T Vincent",
      "test_type": "test",
      "test_name": "Canine Thyroid Panel",
      "test_count": 7,
      "revenue": 10500
    },
    {
      "employee_id": "37dfb423-61b5-4bce-bbaf-f19a867e8815",
      "employee_name": "Jenish P J",
      "test_type": "test",
      "test_name": "Potassium Test For Cow",
      "test_count": 7,
      "revenue": 1400
    },
    {
      "employee_id": "1521f943-1da6-4f4c-959f-807707947407",
      "employee_name": "Sarath Chandran",
      "test_type": "test",
      "test_name": "Phosphorus Test For Cow ",
      "test_count": 7,
      "revenue": 700
    },
    {
      "employee_id": "487ae487-ea15-418d-83a4-1656b2519e54",
      "employee_name": "Alias Roy",
      "test_type": "standard",
      "test_name": "Blood Smear",
      "test_count": 6,
      "revenue": 0
    },
    {
      "employee_id": "3d1adbb7-2768-4504-978d-7111f13eb09e",
      "employee_name": "Vignesh P P",
      "test_type": "panel",
      "test_name": "Basic Haemoparasite Panel ( Blood Smear + CBC )",
      "test_count": 6,
      "revenue": 2100
    },
    {
      "employee_id": "13b674bb-c3a1-4b69-b198-633f2ce1f158",
      "employee_name": "Able",
      "test_type": "test",
      "test_name": "Phosphorus Test For Cow ",
      "test_count": 6,
      "revenue": 600
    },
    {
      "employee_id": "3d1adbb7-2768-4504-978d-7111f13eb09e",
      "employee_name": "Vignesh P P",
      "test_type": "standard",
      "test_name": "Complete Blood Count",
      "test_count": 6,
      "revenue": 0
    },
    {
      "employee_id": "1521f943-1da6-4f4c-959f-807707947407",
      "employee_name": "Sarath Chandran",
      "test_type": "test",
      "test_name": "Kidney Function Test ( KFT)  - Advanced",
      "test_count": 6,
      "revenue": 1500
    },
    {
      "employee_id": "3d1adbb7-2768-4504-978d-7111f13eb09e",
      "employee_name": "Vignesh P P",
      "test_type": "standard",
      "test_name": "Blood Smear ",
      "test_count": 6,
      "revenue": 0
    },
    {
      "employee_id": "ac20add5-f8b0-43d2-a923-9ef39806326b",
      "employee_name": "Sharon Das",
      "test_type": "test",
      "test_name": "Faecal Sample Examination",
      "test_count": 6,
      "revenue": 900
    },
    {
      "employee_id": "07a806ed-fa18-4665-80da-86a77a18de33",
      "employee_name": "Midhun",
      "test_type": "test",
      "test_name": "Babesia gibsoni",
      "test_count": 6,
      "revenue": 4800
    },
    {
      "employee_id": "dd63b71b-fc78-4081-8612-2d71b386691b",
      "employee_name": "Rajeev Gopi",
      "test_type": "test",
      "test_name": "Caprine Pregnancy Check",
      "test_count": 6,
      "revenue": 3000
    },
    {
      "employee_id": "3b5e2538-81d0-4485-9935-233f0f37aaa4",
      "employee_name": "Anu T Vincent",
      "test_type": "test",
      "test_name": "Glucose Test For Cow",
      "test_count": 6,
      "revenue": 600
    },
    {
      "employee_id": "368af367-0696-4f5d-a6d9-c328af8088b5",
      "employee_name": "Shinto Antony",
      "test_type": "test",
      "test_name": "dd",
      "test_count": 6,
      "revenue": 18
    },
    {
      "employee_id": "cf547e61-fa9c-4df7-9e2c-92cbb1602448",
      "employee_name": "Tenjish A",
      "test_type": "test",
      "test_name": "Phosphorus Test For Cow ",
      "test_count": 6,
      "revenue": 600
    },
    {
      "employee_id": "1ee71aee-dc1e-426e-8d02-cdd4a18a6301",
      "employee_name": "Ajay Krishna N S",
      "test_type": "panel",
      "test_name": "Basic Haemoparasite Panel ( Blood Smear + CBC )",
      "test_count": 6,
      "revenue": 2100
    },
    {
      "employee_id": "eb07d040-1547-42dc-a491-fc232e12d6ff",
      "employee_name": "Vishnu udayan",
      "test_type": "standard",
      "test_name": "Peripheral Blood Smear",
      "test_count": 6,
      "revenue": 0
    },
    {
      "employee_id": "eb07d040-1547-42dc-a491-fc232e12d6ff",
      "employee_name": "Vishnu udayan",
      "test_type": "standard",
      "test_name": "Complete Blood Count ( CBC )",
      "test_count": 6,
      "revenue": 0
    },
    {
      "employee_id": "368af367-0696-4f5d-a6d9-c328af8088b5",
      "employee_name": "Shinto Antony",
      "test_type": "test",
      "test_name": "Sodium Test For Cow",
      "test_count": 6,
      "revenue": 1200
    },
    {
      "employee_id": "95d47558-3afa-472b-8a1f-e28cb8483900",
      "employee_name": "Jithesh P K",
      "test_type": "test",
      "test_name": "Phosphorus Test For Cow ",
      "test_count": 6,
      "revenue": 600
    },
    {
      "employee_id": "1ee71aee-dc1e-426e-8d02-cdd4a18a6301",
      "employee_name": "Ajay Krishna N S",
      "test_type": "standard",
      "test_name": "Blood Smear ",
      "test_count": 5,
      "revenue": 0
    },
    {
      "employee_id": "3b5e2538-81d0-4485-9935-233f0f37aaa4",
      "employee_name": "Anu T Vincent",
      "test_type": "test",
      "test_name": "Liver Function Test (LFT) - Advanced",
      "test_count": 5,
      "revenue": 4600
    },
    {
      "employee_id": "95d47558-3afa-472b-8a1f-e28cb8483900",
      "employee_name": "Jithesh P K",
      "test_type": "standard",
      "test_name": "Blood Smear",
      "test_count": 5,
      "revenue": 0
    },
    {
      "employee_id": "07a806ed-fa18-4665-80da-86a77a18de33",
      "employee_name": "Midhun",
      "test_type": "standard",
      "test_name": "Microbiology - Culture and Sensitivity",
      "test_count": 5,
      "revenue": 0
    },
    {
      "employee_id": "c815b3fc-f016-42ef-a868-e4979151404b",
      "employee_name": "Vishnu M",
      "test_type": "panel",
      "test_name": "Culture and Sensitivity Test",
      "test_count": 5,
      "revenue": 2750
    },
    {
      "employee_id": "eb07d040-1547-42dc-a491-fc232e12d6ff",
      "employee_name": "Vishnu udayan",
      "test_type": "standard",
      "test_name": "Blood Smear",
      "test_count": 5,
      "revenue": 0
    },
    {
      "employee_id": "c867a6ef-206b-4c97-8ec0-87b5d1ad1694",
      "employee_name": "Santhosh C S",
      "test_type": "test",
      "test_name": "Faecal Sample Examination",
      "test_count": 5,
      "revenue": 750
    },
    {
      "employee_id": "c815b3fc-f016-42ef-a868-e4979151404b",
      "employee_name": "Vishnu M",
      "test_type": "test",
      "test_name": "Liver Function Test ( LFT ) - Basic",
      "test_count": 5,
      "revenue": 3000
    },
    {
      "employee_id": "07a806ed-fa18-4665-80da-86a77a18de33",
      "employee_name": "Midhun",
      "test_type": "standard",
      "test_name": "ANTIMICROBIAL AGENT - Culture and Sensitivity",
      "test_count": 5,
      "revenue": 0
    },
    {
      "employee_id": "07a806ed-fa18-4665-80da-86a77a18de33",
      "employee_name": "Midhun",
      "test_type": "panel",
      "test_name": "Culture and Sensitivity Test",
      "test_count": 5,
      "revenue": 2750
    },
    {
      "employee_id": "2093fe15-5d32-4dfe-bee2-d36239fddccf",
      "employee_name": "Dheeraj R",
      "test_type": "test",
      "test_name": "Glucose Test For Cow",
      "test_count": 5,
      "revenue": 500
    },
    {
      "employee_id": "eb07d040-1547-42dc-a491-fc232e12d6ff",
      "employee_name": "Vishnu udayan",
      "test_type": "test",
      "test_name": "Liver Function Test (LFT) - Basic",
      "test_count": 5,
      "revenue": 1500
    },
    {
      "employee_id": "5f6fd970-94fc-4748-9162-bf754d929a17",
      "employee_name": "shinto",
      "test_type": "panel",
      "test_name": "Basic Haemoparasite Panel ( Blood Smear + CBC )",
      "test_count": 5,
      "revenue": 1500
    },
    {
      "employee_id": "c815b3fc-f016-42ef-a868-e4979151404b",
      "employee_name": "Vishnu M",
      "test_type": "test",
      "test_name": "Kidney Function Test ( KFT ) - Basic",
      "test_count": 5,
      "revenue": 1500
    },
    {
      "employee_id": "b5aa9436-eeb3-48d9-a4c4-3f44ce152fb1",
      "employee_name": "Dr Freddy k sam",
      "test_type": "test",
      "test_name": "Buffalo Pregnancy Check",
      "test_count": 5,
      "revenue": 2500
    },
    {
      "employee_id": "1521f943-1da6-4f4c-959f-807707947407",
      "employee_name": "Sarath Chandran",
      "test_type": "standard",
      "test_name": "Blood Smear",
      "test_count": 5,
      "revenue": 0
    },
    {
      "employee_id": "37dfb423-61b5-4bce-bbaf-f19a867e8815",
      "employee_name": "Jenish P J",
      "test_type": "test",
      "test_name": "Glucose Test For Cow",
      "test_count": 5,
      "revenue": 500
    },
    {
      "employee_id": "1521f943-1da6-4f4c-959f-807707947407",
      "employee_name": "Sarath Chandran",
      "test_type": "test",
      "test_name": "Glucose Test For Cow",
      "test_count": 5,
      "revenue": 500
    },
    {
      "employee_id": "1521f943-1da6-4f4c-959f-807707947407",
      "employee_name": "Sarath Chandran",
      "test_type": "test",
      "test_name": "Faecal Test Advanced ",
      "test_count": 5,
      "revenue": 1500
    },
    {
      "employee_id": "c815b3fc-f016-42ef-a868-e4979151404b",
      "employee_name": "Vishnu M",
      "test_type": "standard",
      "test_name": "ANTIMICROBIAL AGENT - Culture and Sensitivity",
      "test_count": 5,
      "revenue": 0
    },
    {
      "employee_id": "1521f943-1da6-4f4c-959f-807707947407",
      "employee_name": "Sarath Chandran",
      "test_type": "test",
      "test_name": "Liver Function Test (LFT) - Basic",
      "test_count": 5,
      "revenue": 1500
    },
    {
      "employee_id": "cf547e61-fa9c-4df7-9e2c-92cbb1602448",
      "employee_name": "Tenjish A",
      "test_type": "test",
      "test_name": "Magnesium",
      "test_count": 5,
      "revenue": 1300
    },
    {
      "employee_id": "f3d42c0e-675b-4657-bc06-46514ee0f84c",
      "employee_name": "Lewis Benhar",
      "test_type": "standard",
      "test_name": "Blood Smear",
      "test_count": 5,
      "revenue": 0
    },
    {
      "employee_id": "3b5e2538-81d0-4485-9935-233f0f37aaa4",
      "employee_name": "Anu T Vincent",
      "test_type": "test",
      "test_name": "Buffalo Pregnancy Check",
      "test_count": 5,
      "revenue": 2500
    },
    {
      "employee_id": "1521f943-1da6-4f4c-959f-807707947407",
      "employee_name": "Sarath Chandran",
      "test_type": "test",
      "test_name": "Potassium Test For Cow",
      "test_count": 5,
      "revenue": 1000
    },
    {
      "employee_id": "f3d42c0e-675b-4657-bc06-46514ee0f84c",
      "employee_name": "Lewis Benhar",
      "test_type": "panel",
      "test_name": "Culture and Sensitivity Test",
      "test_count": 5,
      "revenue": 2750
    },
    {
      "employee_id": "7a12dea9-6641-41fe-8d07-a44d1f4b2b87",
      "employee_name": "Aswin S",
      "test_type": "standard",
      "test_name": "Blood Smear",
      "test_count": 5,
      "revenue": 0
    },
    {
      "employee_id": "c815b3fc-f016-42ef-a868-e4979151404b",
      "employee_name": "Vishnu M",
      "test_type": "standard",
      "test_name": "Microbiology - Culture and Sensitivity",
      "test_count": 5,
      "revenue": 0
    },
    {
      "employee_id": "07a806ed-fa18-4665-80da-86a77a18de33",
      "employee_name": "Midhun",
      "test_type": "test",
      "test_name": "Caprine Pregnancy Check",
      "test_count": 4,
      "revenue": 1950
    },
    {
      "employee_id": "ac20add5-f8b0-43d2-a923-9ef39806326b",
      "employee_name": "Sharon Das",
      "test_type": "test",
      "test_name": "Complete Blood Count ( CBC )",
      "test_count": 4,
      "revenue": 1200
    },
    {
      "employee_id": "07a806ed-fa18-4665-80da-86a77a18de33",
      "employee_name": "Midhun",
      "test_type": "test",
      "test_name": "Babesia vogeli",
      "test_count": 4,
      "revenue": 3200
    },
    {
      "employee_id": "07a806ed-fa18-4665-80da-86a77a18de33",
      "employee_name": "Midhun",
      "test_type": "test",
      "test_name": "Bovine Pregnancy Diagnosis",
      "test_count": 4,
      "revenue": 1800
    },
    {
      "employee_id": "ac20add5-f8b0-43d2-a923-9ef39806326b",
      "employee_name": "Sharon Das",
      "test_type": "test",
      "test_name": "Bovine Pregnancy Diagnosis",
      "test_count": 4,
      "revenue": 1700
    },
    {
      "employee_id": "ac20add5-f8b0-43d2-a923-9ef39806326b",
      "employee_name": "Sharon Das",
      "test_type": "test",
      "test_name": "Liver Function Test (LFT) - Basic",
      "test_count": 4,
      "revenue": 1200
    },
    {
      "employee_id": "07a806ed-fa18-4665-80da-86a77a18de33",
      "employee_name": "Midhun",
      "test_type": "standard",
      "test_name": "Peripheral Blood Smear",
      "test_count": 4,
      "revenue": 0
    },
    {
      "employee_id": "c815b3fc-f016-42ef-a868-e4979151404b",
      "employee_name": "Vishnu M",
      "test_type": "test",
      "test_name": "Peripheral Blood Smear",
      "test_count": 4,
      "revenue": 1200
    },
    {
      "employee_id": "b09c50e1-aa6c-463a-b05c-5fe571089dc9",
      "employee_name": "Saleem P M",
      "test_type": "test",
      "test_name": "Caprine Pregnancy Check",
      "test_count": 4,
      "revenue": 2000
    },
    {
      "employee_id": "07a806ed-fa18-4665-80da-86a77a18de33",
      "employee_name": "Midhun",
      "test_type": "test",
      "test_name": "Creatinine",
      "test_count": 4,
      "revenue": 1200
    },
    {
      "employee_id": "fdf32aa2-5a1b-47e6-8732-c233e2343e6f",
      "employee_name": "Yadhu krishnan N P",
      "test_type": "test",
      "test_name": "Cow Calcium Test ",
      "test_count": 4,
      "revenue": 400
    },
    {
      "employee_id": "fdf32aa2-5a1b-47e6-8732-c233e2343e6f",
      "employee_name": "Yadhu krishnan N P",
      "test_type": "test",
      "test_name": "Buffalo Pregnancy Check",
      "test_count": 4,
      "revenue": 2000
    },
    {
      "employee_id": "07a806ed-fa18-4665-80da-86a77a18de33",
      "employee_name": "Midhun",
      "test_type": "test",
      "test_name": "Liver Function Test ( LFT ) - Basic",
      "test_count": 4,
      "revenue": 2400
    },
    {
      "employee_id": "c815b3fc-f016-42ef-a868-e4979151404b",
      "employee_name": "Vishnu M",
      "test_type": "test",
      "test_name": "Creatinine",
      "test_count": 4,
      "revenue": 600
    },
    {
      "employee_id": "f3d42c0e-675b-4657-bc06-46514ee0f84c",
      "employee_name": "Lewis Benhar",
      "test_type": "test",
      "test_name": "Urine Examination",
      "test_count": 4,
      "revenue": 600
    },
    {
      "employee_id": "07a806ed-fa18-4665-80da-86a77a18de33",
      "employee_name": "Midhun",
      "test_type": "standard",
      "test_name": "Complete Blood Count ( CBC )",
      "test_count": 4,
      "revenue": 0
    },
    {
      "employee_id": "c867a6ef-206b-4c97-8ec0-87b5d1ad1694",
      "employee_name": "Santhosh C S",
      "test_type": "test",
      "test_name": "Caprine Pregnancy Check",
      "test_count": 4,
      "revenue": 2000
    },
    {
      "employee_id": "c867a6ef-206b-4c97-8ec0-87b5d1ad1694",
      "employee_name": "Santhosh C S",
      "test_type": "test",
      "test_name": "Liver Function Test (LFT) - Basic",
      "test_count": 4,
      "revenue": 1200
    },
    {
      "employee_id": "487ae487-ea15-418d-83a4-1656b2519e54",
      "employee_name": "Alias Roy",
      "test_type": "test",
      "test_name": "GGT",
      "test_count": 4,
      "revenue": 1200
    },
    {
      "employee_id": "f3d42c0e-675b-4657-bc06-46514ee0f84c",
      "employee_name": "Lewis Benhar",
      "test_type": "standard",
      "test_name": "Microbiology - Culture and Sensitivity",
      "test_count": 4,
      "revenue": 0
    },
    {
      "employee_id": "1541cacf-2d7c-4fa8-8662-3959a8b11594",
      "employee_name": "Abel k Jubin",
      "test_type": "test",
      "test_name": "Faecal Sample Examination",
      "test_count": 4,
      "revenue": 600
    },
    {
      "employee_id": "c867a6ef-206b-4c97-8ec0-87b5d1ad1694",
      "employee_name": "Santhosh C S",
      "test_type": "test",
      "test_name": "Phosphorus Test For Cow ",
      "test_count": 4,
      "revenue": 400
    },
    {
      "employee_id": "3b5e2538-81d0-4485-9935-233f0f37aaa4",
      "employee_name": "Anu T Vincent",
      "test_type": "test",
      "test_name": "Kidney Function Test ( KFT ) -  Advanced ",
      "test_count": 4,
      "revenue": 2400
    },
    {
      "employee_id": "37dfb423-61b5-4bce-bbaf-f19a867e8815",
      "employee_name": "Jenish P J",
      "test_type": "standard",
      "test_name": "Microbiology - Culture and Sensitivity",
      "test_count": 4,
      "revenue": 0
    },
    {
      "employee_id": "f035cdde-ffea-4d4d-b07e-d58ce128716c",
      "employee_name": "Akhil I G",
      "test_type": "test",
      "test_name": "Faecal Sample Examination",
      "test_count": 4,
      "revenue": 600
    },
    {
      "employee_id": "37dfb423-61b5-4bce-bbaf-f19a867e8815",
      "employee_name": "Jenish P J",
      "test_type": "standard",
      "test_name": "ANTIMICROBIAL AGENT - Culture and Sensitivity",
      "test_count": 4,
      "revenue": 0
    },
    {
      "employee_id": "45b50d89-3c35-4028-a19b-1aae28920245",
      "employee_name": "Anoop murali",
      "test_type": "test",
      "test_name": "Bovine Pregnancy Diagnosis",
      "test_count": 4,
      "revenue": 1800
    },
    {
      "employee_id": "37dfb423-61b5-4bce-bbaf-f19a867e8815",
      "employee_name": "Jenish P J",
      "test_type": "panel",
      "test_name": "Culture and Sensitivity Test",
      "test_count": 4,
      "revenue": 2200
    },
    {
      "employee_id": "37dfb423-61b5-4bce-bbaf-f19a867e8815",
      "employee_name": "Jenish P J",
      "test_type": "test",
      "test_name": "Kidney Function Test ( KFT ) - Basic",
      "test_count": 4,
      "revenue": 1200
    },
    {
      "employee_id": "3b5e2538-81d0-4485-9935-233f0f37aaa4",
      "employee_name": "Anu T Vincent",
      "test_type": "test",
      "test_name": "Complete Blood Count",
      "test_count": 4,
      "revenue": 1250
    },
    {
      "employee_id": "f3d42c0e-675b-4657-bc06-46514ee0f84c",
      "employee_name": "Lewis Benhar",
      "test_type": "standard",
      "test_name": "ANTIMICROBIAL AGENT - Culture and Sensitivity",
      "test_count": 4,
      "revenue": 0
    },
    {
      "employee_id": "368af367-0696-4f5d-a6d9-c328af8088b5",
      "employee_name": "Shinto Antony",
      "test_type": "test",
      "test_name": "Complete Blood Count",
      "test_count": 4,
      "revenue": 1150
    },
    {
      "employee_id": "1541cacf-2d7c-4fa8-8662-3959a8b11594",
      "employee_name": "Abel k Jubin",
      "test_type": "test",
      "test_name": "Cow Calcium Test ",
      "test_count": 4,
      "revenue": 400
    },
    {
      "employee_id": "13b674bb-c3a1-4b69-b198-633f2ce1f158",
      "employee_name": "Able",
      "test_type": "test",
      "test_name": "Cow Calcium Test ",
      "test_count": 4,
      "revenue": 400
    },
    {
      "employee_id": "37dfb423-61b5-4bce-bbaf-f19a867e8815",
      "employee_name": "Jenish P J",
      "test_type": "test",
      "test_name": "Liver Function Test (LFT) - Basic",
      "test_count": 4,
      "revenue": 1200
    },
    {
      "employee_id": "eb07d040-1547-42dc-a491-fc232e12d6ff",
      "employee_name": "Vishnu udayan",
      "test_type": "test",
      "test_name": "Caprine Pregnancy Check",
      "test_count": 4,
      "revenue": 1850
    },
    {
      "employee_id": "2093fe15-5d32-4dfe-bee2-d36239fddccf",
      "employee_name": "Dheeraj R",
      "test_type": "test",
      "test_name": "Phosphorus Test For Cow ",
      "test_count": 4,
      "revenue": 400
    },
    {
      "employee_id": "2093fe15-5d32-4dfe-bee2-d36239fddccf",
      "employee_name": "Dheeraj R",
      "test_type": "test",
      "test_name": "Caprine Pregnancy Check",
      "test_count": 4,
      "revenue": 1800
    },
    {
      "employee_id": "ff371fee-4653-4da4-ba6a-e4dbd1d29699",
      "employee_name": "Biotech",
      "test_type": "standard",
      "test_name": "ANTIMICROBIAL AGENT - Culture and Sensitivity",
      "test_count": 3,
      "revenue": 0
    },
    {
      "employee_id": "fdf32aa2-5a1b-47e6-8732-c233e2343e6f",
      "employee_name": "Yadhu krishnan N P",
      "test_type": "test",
      "test_name": "Magnesium",
      "test_count": 3,
      "revenue": 800
    },
    {
      "employee_id": "07a806ed-fa18-4665-80da-86a77a18de33",
      "employee_name": "Midhun",
      "test_type": "test",
      "test_name": "Cow Calcium Test ",
      "test_count": 3,
      "revenue": 300
    },
    {
      "employee_id": "c815b3fc-f016-42ef-a868-e4979151404b",
      "employee_name": "Vishnu M",
      "test_type": "test",
      "test_name": "Liver Function Test (LFT) - Basic",
      "test_count": 3,
      "revenue": 900
    },
    {
      "employee_id": "b5aa9436-eeb3-48d9-a4c4-3f44ce152fb1",
      "employee_name": "Dr Freddy k sam",
      "test_type": "test",
      "test_name": "Kidney Function Test ( KFT) ",
      "test_count": 3,
      "revenue": 900
    },
    {
      "employee_id": "ff371fee-4653-4da4-ba6a-e4dbd1d29699",
      "employee_name": "Biotech",
      "test_type": "panel",
      "test_name": "Culture and Sensitivity Test",
      "test_count": 3,
      "revenue": 1650
    },
    {
      "employee_id": "1541cacf-2d7c-4fa8-8662-3959a8b11594",
      "employee_name": "Abel k Jubin",
      "test_type": "test",
      "test_name": "Caprine Pregnancy Check",
      "test_count": 3,
      "revenue": 1500
    },
    {
      "employee_id": "b5aa9436-eeb3-48d9-a4c4-3f44ce152fb1",
      "employee_name": "Dr Freddy k sam",
      "test_type": "test",
      "test_name": "Canine Thyroid Panel",
      "test_count": 3,
      "revenue": 4500
    },
    {
      "employee_id": "b5aa9436-eeb3-48d9-a4c4-3f44ce152fb1",
      "employee_name": "Dr Freddy k sam",
      "test_type": "test",
      "test_name": "Canine Haemoparasite Molecular Test ( PCR )",
      "test_count": 3,
      "revenue": 6000
    },
    {
      "employee_id": "37dfb423-61b5-4bce-bbaf-f19a867e8815",
      "employee_name": "Jenish P J",
      "test_type": "test",
      "test_name": "Liver Function Test ( LFT ) - Basic",
      "test_count": 3,
      "revenue": 1800
    },
    {
      "employee_id": "8abd49a5-b010-44a4-b9d1-a79c57f5fbeb",
      "employee_name": "Demo Staff",
      "test_type": "test",
      "test_name": "Complete Blood Count",
      "test_count": 3,
      "revenue": 900
    },
    {
      "employee_id": "b5aa9436-eeb3-48d9-a4c4-3f44ce152fb1",
      "employee_name": "Dr Freddy k sam",
      "test_type": "test",
      "test_name": "Bovine Haemoparasite Molecular Maxi Panel",
      "test_count": 3,
      "revenue": 3000
    },
    {
      "employee_id": "1541cacf-2d7c-4fa8-8662-3959a8b11594",
      "employee_name": "Abel k Jubin",
      "test_type": "test",
      "test_name": "Bovine Haemoparasite Molecular Maxi Panel",
      "test_count": 3,
      "revenue": 3000
    },
    {
      "employee_id": "c815b3fc-f016-42ef-a868-e4979151404b",
      "employee_name": "Vishnu M",
      "test_type": "test",
      "test_name": "Magnesium",
      "test_count": 3,
      "revenue": 900
    },
    {
      "employee_id": "ff371fee-4653-4da4-ba6a-e4dbd1d29699",
      "employee_name": "Biotech",
      "test_type": "standard",
      "test_name": "Microbiology - Culture and Sensitivity",
      "test_count": 3,
      "revenue": 0
    },
    {
      "employee_id": "368af367-0696-4f5d-a6d9-c328af8088b5",
      "employee_name": "Shinto Antony",
      "test_type": "test",
      "test_name": " Brucellosis PCR",
      "test_count": 3,
      "revenue": 2800
    },
    {
      "employee_id": "1ee71aee-dc1e-426e-8d02-cdd4a18a6301",
      "employee_name": "Ajay Krishna N S",
      "test_type": "test",
      "test_name": "Faecal Sample Examination",
      "test_count": 3,
      "revenue": 450
    },
    {
      "employee_id": "eb07d040-1547-42dc-a491-fc232e12d6ff",
      "employee_name": "Vishnu udayan",
      "test_type": "test",
      "test_name": "Liver Function Test (LFT) - Advanced",
      "test_count": 3,
      "revenue": 2200
    },
    {
      "employee_id": "ac20add5-f8b0-43d2-a923-9ef39806326b",
      "employee_name": "Sharon Das",
      "test_type": "test",
      "test_name": "Blood Smear ",
      "test_count": 3,
      "revenue": 750
    },
    {
      "employee_id": "ac20add5-f8b0-43d2-a923-9ef39806326b",
      "employee_name": "Sharon Das",
      "test_type": "test",
      "test_name": "Liver Function Test ( LFT ) - Basic",
      "test_count": 3,
      "revenue": 1800
    },
    {
      "employee_id": "eb07d040-1547-42dc-a491-fc232e12d6ff",
      "employee_name": "Vishnu udayan",
      "test_type": "test",
      "test_name": "Glucose Test For Cow",
      "test_count": 3,
      "revenue": 300
    },
    {
      "employee_id": "eb07d040-1547-42dc-a491-fc232e12d6ff",
      "employee_name": "Vishnu udayan",
      "test_type": "test",
      "test_name": "Magnesium",
      "test_count": 3,
      "revenue": 900
    },
    {
      "employee_id": "eb07d040-1547-42dc-a491-fc232e12d6ff",
      "employee_name": "Vishnu udayan",
      "test_type": "test",
      "test_name": " Brucellosis PCR",
      "test_count": 3,
      "revenue": 3000
    },
    {
      "employee_id": "368af367-0696-4f5d-a6d9-c328af8088b5",
      "employee_name": "Shinto Antony",
      "test_type": "test",
      "test_name": "Bovine Pregnancy Diagnosis",
      "test_count": 3,
      "revenue": 1050
    },
    {
      "employee_id": "1541cacf-2d7c-4fa8-8662-3959a8b11594",
      "employee_name": "Abel k Jubin",
      "test_type": "test",
      "test_name": "Haemorrhagic Septicaemia PCR",
      "test_count": 3,
      "revenue": 2400
    },
    {
      "employee_id": "9c3dee9b-b34f-4dbc-b8b0-659d14f7ce55",
      "employee_name": "Vijayakumaran",
      "test_type": "test",
      "test_name": "Buffalo Pregnancy Check",
      "test_count": 3,
      "revenue": 1350
    },
    {
      "employee_id": "e8c6927e-8177-4cc6-9ede-f3827cd6b75c",
      "employee_name": "Mridhulraj",
      "test_type": "test",
      "test_name": "Cow Calcium Test ",
      "test_count": 3,
      "revenue": 300
    },
    {
      "employee_id": "368af367-0696-4f5d-a6d9-c328af8088b5",
      "employee_name": "Shinto Antony",
      "test_type": "test",
      "test_name": "PCR Test For Rabies",
      "test_count": 3,
      "revenue": 3000
    },
    {
      "employee_id": "eb07d040-1547-42dc-a491-fc232e12d6ff",
      "employee_name": "Vishnu udayan",
      "test_type": "test",
      "test_name": "Potassium Test For Cow",
      "test_count": 3,
      "revenue": 600
    },
    {
      "employee_id": "ff371fee-4653-4da4-ba6a-e4dbd1d29699",
      "employee_name": "Biotech",
      "test_type": "test",
      "test_name": "Kidney Function Test ( KFT ) - Basic",
      "test_count": 3,
      "revenue": 900
    },
    {
      "employee_id": "1541cacf-2d7c-4fa8-8662-3959a8b11594",
      "employee_name": "Abel k Jubin",
      "test_type": "test",
      "test_name": "Phosphorus Test For Cow ",
      "test_count": 3,
      "revenue": 300
    },
    {
      "employee_id": "1541cacf-2d7c-4fa8-8662-3959a8b11594",
      "employee_name": "Abel k Jubin",
      "test_type": "test",
      "test_name": "Liver Function Test (LFT) - Basic",
      "test_count": 3,
      "revenue": 900
    },
    {
      "employee_id": "ac20add5-f8b0-43d2-a923-9ef39806326b",
      "employee_name": "Sharon Das",
      "test_type": "test",
      "test_name": "Kidney Function Test ( KFT ) - Basic",
      "test_count": 3,
      "revenue": 900
    },
    {
      "employee_id": "3b5e2538-81d0-4485-9935-233f0f37aaa4",
      "employee_name": "Anu T Vincent",
      "test_type": "panel",
      "test_name": "Culture and Sensitivity Test",
      "test_count": 3,
      "revenue": 1650
    },
    {
      "employee_id": "fdf32aa2-5a1b-47e6-8732-c233e2343e6f",
      "employee_name": "Yadhu krishnan N P",
      "test_type": "test",
      "test_name": "Liver Function Test (LFT) - Basic",
      "test_count": 3,
      "revenue": 900
    },
    {
      "employee_id": "1521f943-1da6-4f4c-959f-807707947407",
      "employee_name": "Sarath Chandran",
      "test_type": "test",
      "test_name": " Brucellosis PCR",
      "test_count": 3,
      "revenue": 3000
    },
    {
      "employee_id": "3b5e2538-81d0-4485-9935-233f0f37aaa4",
      "employee_name": "Anu T Vincent",
      "test_type": "test",
      "test_name": "Magnesium",
      "test_count": 3,
      "revenue": 600
    },
    {
      "employee_id": "1521f943-1da6-4f4c-959f-807707947407",
      "employee_name": "Sarath Chandran",
      "test_type": "test",
      "test_name": "Faecal Sample Examination",
      "test_count": 3,
      "revenue": 450
    },
    {
      "employee_id": "3b5e2538-81d0-4485-9935-233f0f37aaa4",
      "employee_name": "Anu T Vincent",
      "test_type": "test",
      "test_name": "Total T4",
      "test_count": 3,
      "revenue": 1200
    },
    {
      "employee_id": "3d1adbb7-2768-4504-978d-7111f13eb09e",
      "employee_name": "Vignesh P P",
      "test_type": "test",
      "test_name": "Bovine Pregnancy Diagnosis",
      "test_count": 3,
      "revenue": 1150
    },
    {
      "employee_id": "69525762-ed6e-4dda-91c2-b46752bf094d",
      "employee_name": "Jayan R",
      "test_type": "test",
      "test_name": "Magnesium",
      "test_count": 3,
      "revenue": 800
    },
    {
      "employee_id": "69525762-ed6e-4dda-91c2-b46752bf094d",
      "employee_name": "Jayan R",
      "test_type": "test",
      "test_name": "Cow Calcium Test ",
      "test_count": 3,
      "revenue": 300
    },
    {
      "employee_id": "c815b3fc-f016-42ef-a868-e4979151404b",
      "employee_name": "Vishnu M",
      "test_type": "test",
      "test_name": " Urea Nitrogen",
      "test_count": 3,
      "revenue": 300
    },
    {
      "employee_id": "f3d42c0e-675b-4657-bc06-46514ee0f84c",
      "employee_name": "Lewis Benhar",
      "test_type": "test",
      "test_name": "Glucose Test For Cow",
      "test_count": 3,
      "revenue": 300
    },
    {
      "employee_id": "3b5e2538-81d0-4485-9935-233f0f37aaa4",
      "employee_name": "Anu T Vincent",
      "test_type": "test",
      "test_name": "Blood Smear ",
      "test_count": 3,
      "revenue": 750
    },
    {
      "employee_id": "487ae487-ea15-418d-83a4-1656b2519e54",
      "employee_name": "Alias Roy",
      "test_type": "test",
      "test_name": "Faecal Sample Examination",
      "test_count": 3,
      "revenue": 450
    },
    {
      "employee_id": "487ae487-ea15-418d-83a4-1656b2519e54",
      "employee_name": "Alias Roy",
      "test_type": "test",
      "test_name": "Faecal Test Advanced ",
      "test_count": 3,
      "revenue": 900
    },
    {
      "employee_id": "5f6fd970-94fc-4748-9162-bf754d929a17",
      "employee_name": "shinto",
      "test_type": "test",
      "test_name": "Liver Function Test (LFT) - Advanced",
      "test_count": 3,
      "revenue": 2600
    },
    {
      "employee_id": "eb07d040-1547-42dc-a491-fc232e12d6ff",
      "employee_name": "Vishnu udayan",
      "test_type": "test",
      "test_name": "Kidney Function Test ( KFT ) - Basic",
      "test_count": 3,
      "revenue": 900
    },
    {
      "employee_id": "5f6fd970-94fc-4748-9162-bf754d929a17",
      "employee_name": "shinto",
      "test_type": "test",
      "test_name": "Complete Blood Count ( CBC )",
      "test_count": 3,
      "revenue": 900
    },
    {
      "employee_id": "487ae487-ea15-418d-83a4-1656b2519e54",
      "employee_name": "Alias Roy",
      "test_type": "test",
      "test_name": "Liver Function Test (LFT) - Advanced",
      "test_count": 3,
      "revenue": 1800
    },
    {
      "employee_id": "5f6fd970-94fc-4748-9162-bf754d929a17",
      "employee_name": "shinto",
      "test_type": "test",
      "test_name": "Bovine Pregnancy Diagnosis",
      "test_count": 3,
      "revenue": 1050
    },
    {
      "employee_id": "3b5e2538-81d0-4485-9935-233f0f37aaa4",
      "employee_name": "Anu T Vincent",
      "test_type": "test",
      "test_name": "Faecal Sample Examination",
      "test_count": 3,
      "revenue": 450
    },
    {
      "employee_id": "fdf32aa2-5a1b-47e6-8732-c233e2343e6f",
      "employee_name": "Yadhu krishnan N P",
      "test_type": "test",
      "test_name": "A1A2 Qualitative Test",
      "test_count": 3,
      "revenue": 2400
    },
    {
      "employee_id": "bc0ef431-4a45-45f2-a842-6ced47ea99b8",
      "employee_name": "Nidhin V Antony",
      "test_type": "standard",
      "test_name": "Blood Smear ",
      "test_count": 3,
      "revenue": 0
    },
    {
      "employee_id": "b5aa9436-eeb3-48d9-a4c4-3f44ce152fb1",
      "employee_name": "Dr Freddy k sam",
      "test_type": "test",
      "test_name": "Potassium Test For Cow",
      "test_count": 3,
      "revenue": 600
    },
    {
      "employee_id": "fdf32aa2-5a1b-47e6-8732-c233e2343e6f",
      "employee_name": "Yadhu krishnan N P",
      "test_type": "test",
      "test_name": "Glucose Test For Cow",
      "test_count": 3,
      "revenue": 300
    },
    {
      "employee_id": "bc0ef431-4a45-45f2-a842-6ced47ea99b8",
      "employee_name": "Nidhin V Antony",
      "test_type": "panel",
      "test_name": "Basic Haemoparasite Panel ( Blood Smear + CBC )",
      "test_count": 3,
      "revenue": 1050
    },
    {
      "employee_id": "fdf32aa2-5a1b-47e6-8732-c233e2343e6f",
      "employee_name": "Yadhu krishnan N P",
      "test_type": "test",
      "test_name": "Kidney Function Test ( KFT) -  Basic",
      "test_count": 3,
      "revenue": 480
    },
    {
      "employee_id": "fdf32aa2-5a1b-47e6-8732-c233e2343e6f",
      "employee_name": "Yadhu krishnan N P",
      "test_type": "test",
      "test_name": "Faecal Sample Examination",
      "test_count": 2,
      "revenue": 300
    },
    {
      "employee_id": "ff371fee-4653-4da4-ba6a-e4dbd1d29699",
      "employee_name": "Biotech",
      "test_type": "test",
      "test_name": "Liver Function Test ( LFT ) - Basic",
      "test_count": 2,
      "revenue": 1200
    },
    {
      "employee_id": "b5aa9436-eeb3-48d9-a4c4-3f44ce152fb1",
      "employee_name": "Dr Freddy k sam",
      "test_type": "test",
      "test_name": "Skin Scrapping",
      "test_count": 2,
      "revenue": 800
    },
    {
      "employee_id": "b5aa9436-eeb3-48d9-a4c4-3f44ce152fb1",
      "employee_name": "Dr Freddy k sam",
      "test_type": "test",
      "test_name": "Kidney Function Test ( KFT) -  Basic",
      "test_count": 2,
      "revenue": 320
    },
    {
      "employee_id": "eb07d040-1547-42dc-a491-fc232e12d6ff",
      "employee_name": "Vishnu udayan",
      "test_type": "panel",
      "test_name": "Culture and Sensitivity Test",
      "test_count": 2,
      "revenue": 1100
    },
    {
      "employee_id": "f3d42c0e-675b-4657-bc06-46514ee0f84c",
      "employee_name": "Lewis Benhar",
      "test_type": "test",
      "test_name": "Kidney Function Test ( KFT)  - Advanced",
      "test_count": 2,
      "revenue": 500
    },
    {
      "employee_id": "b5aa9436-eeb3-48d9-a4c4-3f44ce152fb1",
      "employee_name": "Dr Freddy k sam",
      "test_type": "test",
      "test_name": "Liver Function Test (LFT) - Advanced",
      "test_count": 2,
      "revenue": 1600
    },
    {
      "employee_id": "ac20add5-f8b0-43d2-a923-9ef39806326b",
      "employee_name": "Sharon Das",
      "test_type": "test",
      "test_name": "Potassium Test For Cow",
      "test_count": 2,
      "revenue": 400
    },
    {
      "employee_id": "eb07d040-1547-42dc-a491-fc232e12d6ff",
      "employee_name": "Vishnu udayan",
      "test_type": "test",
      "test_name": "Buffalo Pregnancy Check",
      "test_count": 2,
      "revenue": 1000
    },
    {
      "employee_id": "f035cdde-ffea-4d4d-b07e-d58ce128716c",
      "employee_name": "Akhil I G",
      "test_type": "standard",
      "test_name": "Peripheral Blood Smear",
      "test_count": 2,
      "revenue": 0
    },
    {
      "employee_id": "c867a6ef-206b-4c97-8ec0-87b5d1ad1694",
      "employee_name": "Santhosh C S",
      "test_type": "standard",
      "test_name": "Microbiology - Culture and Sensitivity",
      "test_count": 2,
      "revenue": 0
    },
    {
      "employee_id": "f035cdde-ffea-4d4d-b07e-d58ce128716c",
      "employee_name": "Akhil I G",
      "test_type": "standard",
      "test_name": "Complete Blood Count ( CBC )",
      "test_count": 2,
      "revenue": 0
    },
    {
      "employee_id": "c815b3fc-f016-42ef-a868-e4979151404b",
      "employee_name": "Vishnu M",
      "test_type": "test",
      "test_name": "Glucose Test For Cow",
      "test_count": 2,
      "revenue": 200
    },
    {
      "employee_id": "dd63b71b-fc78-4081-8612-2d71b386691b",
      "employee_name": "Rajeev Gopi",
      "test_type": "test",
      "test_name": "Atropic Rhinitis",
      "test_count": 2,
      "revenue": 2400
    },
    {
      "employee_id": "f3d42c0e-675b-4657-bc06-46514ee0f84c",
      "employee_name": "Lewis Benhar",
      "test_type": "test",
      "test_name": "Kidney Function Test ( KFT) -  Basic",
      "test_count": 2,
      "revenue": 320
    },
    {
      "employee_id": "c867a6ef-206b-4c97-8ec0-87b5d1ad1694",
      "employee_name": "Santhosh C S",
      "test_type": "standard",
      "test_name": "ANTIMICROBIAL AGENT - Culture and Sensitivity",
      "test_count": 2,
      "revenue": 0
    },
    {
      "employee_id": "c867a6ef-206b-4c97-8ec0-87b5d1ad1694",
      "employee_name": "Santhosh C S",
      "test_type": "panel",
      "test_name": "Culture and Sensitivity Test",
      "test_count": 2,
      "revenue": 1100
    },
    {
      "employee_id": "eb07d040-1547-42dc-a491-fc232e12d6ff",
      "employee_name": "Vishnu udayan",
      "test_type": "test",
      "test_name": "Kidney Function Test ( KFT ) -  Advanced ",
      "test_count": 2,
      "revenue": 1200
    },
    {
      "employee_id": "c815b3fc-f016-42ef-a868-e4979151404b",
      "employee_name": "Vishnu M",
      "test_type": "test",
      "test_name": "Progesterone, P4",
      "test_count": 2,
      "revenue": 1300
    },
    {
      "employee_id": "e8c6927e-8177-4cc6-9ede-f3827cd6b75c",
      "employee_name": "Mridhulraj",
      "test_type": "test",
      "test_name": "Glucose Test For Cow",
      "test_count": 2,
      "revenue": 200
    },
    {
      "employee_id": "b09c50e1-aa6c-463a-b05c-5fe571089dc9",
      "employee_name": "Saleem P M",
      "test_type": "test",
      "test_name": "Cow Calcium Test ",
      "test_count": 2,
      "revenue": 200
    },
    {
      "employee_id": "b09c50e1-aa6c-463a-b05c-5fe571089dc9",
      "employee_name": "Saleem P M",
      "test_type": "test",
      "test_name": "Complete Blood Count",
      "test_count": 2,
      "revenue": 500
    },
    {
      "employee_id": "dd63b71b-fc78-4081-8612-2d71b386691b",
      "employee_name": "Rajeev Gopi",
      "test_type": "test",
      "test_name": "FMD PCR",
      "test_count": 2,
      "revenue": 2000
    },
    {
      "employee_id": "cf547e61-fa9c-4df7-9e2c-92cbb1602448",
      "employee_name": "Tenjish A",
      "test_type": "test",
      "test_name": "Liver Function Test (LFT) - Advanced",
      "test_count": 2,
      "revenue": 1200
    },
    {
      "employee_id": "dd63b71b-fc78-4081-8612-2d71b386691b",
      "employee_name": "Rajeev Gopi",
      "test_type": "test",
      "test_name": "Faecal Sample Examination",
      "test_count": 2,
      "revenue": 300
    },
    {
      "employee_id": "bf6419c1-e8ce-4b33-8891-02924edc20c7",
      "employee_name": "Akarsh",
      "test_type": "test",
      "test_name": "Liver Function Test (LFT) - Basic",
      "test_count": 2,
      "revenue": 600
    },
    {
      "employee_id": "cf547e61-fa9c-4df7-9e2c-92cbb1602448",
      "employee_name": "Tenjish A",
      "test_type": "test",
      "test_name": "Glucose Test For Cow",
      "test_count": 2,
      "revenue": 200
    },
    {
      "employee_id": "dd63b71b-fc78-4081-8612-2d71b386691b",
      "employee_name": "Rajeev Gopi",
      "test_type": "standard",
      "test_name": "Blood Smear",
      "test_count": 2,
      "revenue": 0
    },
    {
      "employee_id": "fdf32aa2-5a1b-47e6-8732-c233e2343e6f",
      "employee_name": "Yadhu krishnan N P",
      "test_type": "test",
      "test_name": "Phosphorus Test For Cow ",
      "test_count": 2,
      "revenue": 200
    },
    {
      "employee_id": "b5aa9436-eeb3-48d9-a4c4-3f44ce152fb1",
      "employee_name": "Dr Freddy k sam",
      "test_type": "test",
      "test_name": "Exfoliative Vaginal Cytology, EVC",
      "test_count": 2,
      "revenue": 1050
    },
    {
      "employee_id": "dd63b71b-fc78-4081-8612-2d71b386691b",
      "employee_name": "Rajeev Gopi",
      "test_type": "test",
      "test_name": "Potassium Test For Cow",
      "test_count": 2,
      "revenue": 400
    },
    {
      "employee_id": "c867a6ef-206b-4c97-8ec0-87b5d1ad1694",
      "employee_name": "Santhosh C S",
      "test_type": "test",
      "test_name": "Microbiology - Culture and Sensitivity",
      "test_count": 2,
      "revenue": 1600
    },
    {
      "employee_id": "b5aa9436-eeb3-48d9-a4c4-3f44ce152fb1",
      "employee_name": "Dr Freddy k sam",
      "test_type": "test",
      "test_name": "PCR Test For Leptospirosis",
      "test_count": 2,
      "revenue": 1600
    },
    {
      "employee_id": "dd63b71b-fc78-4081-8612-2d71b386691b",
      "employee_name": "Rajeev Gopi",
      "test_type": "test",
      "test_name": "Complete Blood Count",
      "test_count": 2,
      "revenue": 600
    },
    {
      "employee_id": "dd63b71b-fc78-4081-8612-2d71b386691b",
      "employee_name": "Rajeev Gopi",
      "test_type": "test",
      "test_name": "Classical Swine Fever",
      "test_count": 2,
      "revenue": 2400
    },
    {
      "employee_id": "c815b3fc-f016-42ef-a868-e4979151404b",
      "employee_name": "Vishnu M",
      "test_type": "test",
      "test_name": "Bovine Haemoparasite Molecular Maxi Panel",
      "test_count": 2,
      "revenue": 2000
    },
    {
      "employee_id": "fc27e79a-5b1f-4433-8f67-cb70c810094e",
      "employee_name": "Rajeev P P",
      "test_type": "test",
      "test_name": "Caprine Pregnancy Check",
      "test_count": 2,
      "revenue": 1000
    },
    {
      "employee_id": "f035cdde-ffea-4d4d-b07e-d58ce128716c",
      "employee_name": "Akhil I G",
      "test_type": "standard",
      "test_name": "Blood Smear",
      "test_count": 2,
      "revenue": 0
    },
    {
      "employee_id": "b5aa9436-eeb3-48d9-a4c4-3f44ce152fb1",
      "employee_name": "Dr Freddy k sam",
      "test_type": "test",
      "test_name": "Kidney Function Test ( KFT ) -  Advanced ",
      "test_count": 2,
      "revenue": 1200
    },
    {
      "employee_id": "e8c6927e-8177-4cc6-9ede-f3827cd6b75c",
      "employee_name": "Mridhulraj",
      "test_type": "test",
      "test_name": "Caprine Pregnancy Check",
      "test_count": 2,
      "revenue": 1000
    },
    {
      "employee_id": "b09c50e1-aa6c-463a-b05c-5fe571089dc9",
      "employee_name": "Saleem P M",
      "test_type": "test",
      "test_name": "Phosphorus Test For Cow ",
      "test_count": 2,
      "revenue": 200
    },
    {
      "employee_id": "f3d42c0e-675b-4657-bc06-46514ee0f84c",
      "employee_name": "Lewis Benhar",
      "test_type": "test",
      "test_name": "Blood Smear ",
      "test_count": 2,
      "revenue": 500
    },
    {
      "employee_id": "eb07d040-1547-42dc-a491-fc232e12d6ff",
      "employee_name": "Vishnu udayan",
      "test_type": "test",
      "test_name": "Liver Function Test ( LFT ) - Basic",
      "test_count": 2,
      "revenue": 1200
    },
    {
      "employee_id": "7c9be1ba-236c-4c82-8781-ebb1cbb1e3cb",
      "employee_name": "Jastin Joy",
      "test_type": "standard",
      "test_name": "Complete Blood Count",
      "test_count": 2,
      "revenue": 0
    },
    {
      "employee_id": "ac20add5-f8b0-43d2-a923-9ef39806326b",
      "employee_name": "Sharon Das",
      "test_type": "test",
      "test_name": "Glucose Test For Cow",
      "test_count": 2,
      "revenue": 200
    },
    {
      "employee_id": "07a806ed-fa18-4665-80da-86a77a18de33",
      "employee_name": "Midhun",
      "test_type": "test",
      "test_name": "Phosphorus Test For Cow ",
      "test_count": 2,
      "revenue": 200
    },
    {
      "employee_id": "5d15c54b-8883-45c0-924e-df324376e016",
      "employee_name": "Vinu Prasanth A",
      "test_type": "test",
      "test_name": "Phosphorus Test For Cow ",
      "test_count": 2,
      "revenue": 200
    },
    {
      "employee_id": "1ee71aee-dc1e-426e-8d02-cdd4a18a6301",
      "employee_name": "Ajay Krishna N S",
      "test_type": "standard",
      "test_name": "Blood Smear",
      "test_count": 2,
      "revenue": 0
    },
    {
      "employee_id": "1541cacf-2d7c-4fa8-8662-3959a8b11594",
      "employee_name": "Abel k Jubin",
      "test_type": "test",
      "test_name": "Kidney Function Test ( KFT)  - Advanced",
      "test_count": 2,
      "revenue": 500
    },
    {
      "employee_id": "69525762-ed6e-4dda-91c2-b46752bf094d",
      "employee_name": "Jayan R",
      "test_type": "test",
      "test_name": "Haemorrhagic Septicaemia PCR",
      "test_count": 2,
      "revenue": 1600
    },
    {
      "employee_id": "69525762-ed6e-4dda-91c2-b46752bf094d",
      "employee_name": "Jayan R",
      "test_type": "test",
      "test_name": "Phosphorus Test For Cow ",
      "test_count": 2,
      "revenue": 200
    },
    {
      "employee_id": "1521f943-1da6-4f4c-959f-807707947407",
      "employee_name": "Sarath Chandran",
      "test_type": "test",
      "test_name": "Sodium Test For Cow",
      "test_count": 2,
      "revenue": 400
    },
    {
      "employee_id": "1521f943-1da6-4f4c-959f-807707947407",
      "employee_name": "Sarath Chandran",
      "test_type": "test",
      "test_name": "Magnesium",
      "test_count": 2,
      "revenue": 600
    },
    {
      "employee_id": "76df4bfb-8232-47d5-9801-a84cae714395",
      "employee_name": "Muhammed Sabir",
      "test_type": "panel",
      "test_name": "Culture and Sensitivity Test",
      "test_count": 2,
      "revenue": 1100
    },
    {
      "employee_id": "1521f943-1da6-4f4c-959f-807707947407",
      "employee_name": "Sarath Chandran",
      "test_type": "test",
      "test_name": "Caprine Pregnancy Check",
      "test_count": 2,
      "revenue": 1000
    },
    {
      "employee_id": "76df4bfb-8232-47d5-9801-a84cae714395",
      "employee_name": "Muhammed Sabir",
      "test_type": "standard",
      "test_name": "ANTIMICROBIAL AGENT - Culture and Sensitivity",
      "test_count": 2,
      "revenue": 0
    },
    {
      "employee_id": "76df4bfb-8232-47d5-9801-a84cae714395",
      "employee_name": "Muhammed Sabir",
      "test_type": "standard",
      "test_name": "Microbiology - Culture and Sensitivity",
      "test_count": 2,
      "revenue": 0
    },
    {
      "employee_id": "1521f943-1da6-4f4c-959f-807707947407",
      "employee_name": "Sarath Chandran",
      "test_type": "standard",
      "test_name": "Microbiology - Culture and Sensitivity",
      "test_count": 2,
      "revenue": 0
    },
    {
      "employee_id": "76df4bfb-8232-47d5-9801-a84cae714395",
      "employee_name": "Muhammed Sabir",
      "test_type": "test",
      "test_name": "Caprine Pregnancy Check",
      "test_count": 2,
      "revenue": 1000
    },
    {
      "employee_id": "1521f943-1da6-4f4c-959f-807707947407",
      "employee_name": "Sarath Chandran",
      "test_type": "standard",
      "test_name": "ANTIMICROBIAL AGENT - Culture and Sensitivity",
      "test_count": 2,
      "revenue": 0
    },
    {
      "employee_id": "1521f943-1da6-4f4c-959f-807707947407",
      "employee_name": "Sarath Chandran",
      "test_type": "panel",
      "test_name": "Culture and Sensitivity Test",
      "test_count": 2,
      "revenue": 1100
    },
    {
      "employee_id": "76df4bfb-8232-47d5-9801-a84cae714395",
      "employee_name": "Muhammed Sabir",
      "test_type": "test",
      "test_name": "Liver Function Test (LFT) - Basic",
      "test_count": 2,
      "revenue": 600
    },
    {
      "employee_id": "7a12dea9-6641-41fe-8d07-a44d1f4b2b87",
      "employee_name": "Aswin S",
      "test_type": "test",
      "test_name": "Cow Calcium Test ",
      "test_count": 2,
      "revenue": 200
    },
    {
      "employee_id": "7c9be1ba-236c-4c82-8781-ebb1cbb1e3cb",
      "employee_name": "Jastin Joy",
      "test_type": "panel",
      "test_name": "Basic Haemoparasite Panel ( Blood Smear + CBC )",
      "test_count": 2,
      "revenue": 700
    },
    {
      "employee_id": "7c9be1ba-236c-4c82-8781-ebb1cbb1e3cb",
      "employee_name": "Jastin Joy",
      "test_type": "standard",
      "test_name": "Blood Smear ",
      "test_count": 2,
      "revenue": 0
    },
    {
      "employee_id": "5d15c54b-8883-45c0-924e-df324376e016",
      "employee_name": "Vinu Prasanth A",
      "test_type": "test",
      "test_name": "Magnesium",
      "test_count": 2,
      "revenue": 600
    },
    {
      "employee_id": "5d15c54b-8883-45c0-924e-df324376e016",
      "employee_name": "Vinu Prasanth A",
      "test_type": "test",
      "test_name": "Cow Calcium Test ",
      "test_count": 2,
      "revenue": 200
    },
    {
      "employee_id": "1ee71aee-dc1e-426e-8d02-cdd4a18a6301",
      "employee_name": "Ajay Krishna N S",
      "test_type": "test",
      "test_name": "FNAC",
      "test_count": 2,
      "revenue": 1200
    },
    {
      "employee_id": "368af367-0696-4f5d-a6d9-c328af8088b5",
      "employee_name": "Shinto Antony",
      "test_type": "test",
      "test_name": "Potassium Test For Cow",
      "test_count": 2,
      "revenue": 400
    },
    {
      "employee_id": "3b5e2538-81d0-4485-9935-233f0f37aaa4",
      "employee_name": "Anu T Vincent",
      "test_type": "test",
      "test_name": "A1A2 Qualitative Test",
      "test_count": 2,
      "revenue": 1600
    },
    {
      "employee_id": "37dfb423-61b5-4bce-bbaf-f19a867e8815",
      "employee_name": "Jenish P J",
      "test_type": "test",
      "test_name": "Magnesium",
      "test_count": 2,
      "revenue": 600
    },
    {
      "employee_id": "37dfb423-61b5-4bce-bbaf-f19a867e8815",
      "employee_name": "Jenish P J",
      "test_type": "test",
      "test_name": "Kidney Function Test ( KFT) -  Basic",
      "test_count": 2,
      "revenue": 320
    },
    {
      "employee_id": "3b5e2538-81d0-4485-9935-233f0f37aaa4",
      "employee_name": "Anu T Vincent",
      "test_type": "test",
      "test_name": "Creatinine",
      "test_count": 2,
      "revenue": 600
    },
    {
      "employee_id": "3b5e2538-81d0-4485-9935-233f0f37aaa4",
      "employee_name": "Anu T Vincent",
      "test_type": "test",
      "test_name": "GGT",
      "test_count": 2,
      "revenue": 600
    },
    {
      "employee_id": "3b5e2538-81d0-4485-9935-233f0f37aaa4",
      "employee_name": "Anu T Vincent",
      "test_type": "test",
      "test_name": "PCR Test For Leptospirosis",
      "test_count": 2,
      "revenue": 1600
    },
    {
      "employee_id": "368af367-0696-4f5d-a6d9-c328af8088b5",
      "employee_name": "Shinto Antony",
      "test_type": "test",
      "test_name": "corticosterone",
      "test_count": 2,
      "revenue": 600
    },
    {
      "employee_id": "3b5e2538-81d0-4485-9935-233f0f37aaa4",
      "employee_name": "Anu T Vincent",
      "test_type": "test",
      "test_name": "Urine Examination",
      "test_count": 2,
      "revenue": 300
    },
    {
      "employee_id": "368af367-0696-4f5d-a6d9-c328af8088b5",
      "employee_name": "Shinto Antony",
      "test_type": "test",
      "test_name": "Liver Function Test (LFT) - Basic",
      "test_count": 2,
      "revenue": 600
    },
    {
      "employee_id": "1ee71aee-dc1e-426e-8d02-cdd4a18a6301",
      "employee_name": "Ajay Krishna N S",
      "test_type": "test",
      "test_name": "Total T4",
      "test_count": 2,
      "revenue": 800
    },
    {
      "employee_id": "368af367-0696-4f5d-a6d9-c328af8088b5",
      "employee_name": "Shinto Antony",
      "test_type": "test",
      "test_name": "Canine Haemoparasite Molecular Test ( PCR )",
      "test_count": 2,
      "revenue": 4000
    },
    {
      "employee_id": "368af367-0696-4f5d-a6d9-c328af8088b5",
      "employee_name": "Shinto Antony",
      "test_type": "standard",
      "test_name": "Bovine CBC",
      "test_count": 2,
      "revenue": 0
    },
    {
      "employee_id": "487ae487-ea15-418d-83a4-1656b2519e54",
      "employee_name": "Alias Roy",
      "test_type": "test",
      "test_name": "Kidney Function Test ( KFT)  - Advanced",
      "test_count": 2,
      "revenue": 500
    },
    {
      "employee_id": "368af367-0696-4f5d-a6d9-c328af8088b5",
      "employee_name": "Shinto Antony",
      "test_type": "panel",
      "test_name": "Culture and Sensitivity Test",
      "test_count": 2,
      "revenue": 1100
    },
    {
      "employee_id": "487ae487-ea15-418d-83a4-1656b2519e54",
      "employee_name": "Alias Roy",
      "test_type": "test",
      "test_name": "Sodium Test For Cow",
      "test_count": 2,
      "revenue": 400
    },
    {
      "employee_id": "2093fe15-5d32-4dfe-bee2-d36239fddccf",
      "employee_name": "Dheeraj R",
      "test_type": "test",
      "test_name": "Sodium Test For Cow",
      "test_count": 2,
      "revenue": 400
    },
    {
      "employee_id": "2093fe15-5d32-4dfe-bee2-d36239fddccf",
      "employee_name": "Dheeraj R",
      "test_type": "test",
      "test_name": "Potassium Test For Cow",
      "test_count": 2,
      "revenue": 400
    },
    {
      "employee_id": "2093fe15-5d32-4dfe-bee2-d36239fddccf",
      "employee_name": "Dheeraj R",
      "test_type": "test",
      "test_name": "Magnesium",
      "test_count": 2,
      "revenue": 400
    },
    {
      "employee_id": "07a806ed-fa18-4665-80da-86a77a18de33",
      "employee_name": "Midhun",
      "test_type": "test",
      "test_name": "Progesterone, P4",
      "test_count": 2,
      "revenue": 1300
    },
    {
      "employee_id": "3b5e2538-81d0-4485-9935-233f0f37aaa4",
      "employee_name": "Anu T Vincent",
      "test_type": "standard",
      "test_name": "Blood Smear",
      "test_count": 2,
      "revenue": 0
    },
    {
      "employee_id": "07a806ed-fa18-4665-80da-86a77a18de33",
      "employee_name": "Midhun",
      "test_type": "test",
      "test_name": "Liver Function Test (LFT) - Basic",
      "test_count": 2,
      "revenue": 600
    },
    {
      "employee_id": "95d47558-3afa-472b-8a1f-e28cb8483900",
      "employee_name": "Jithesh P K",
      "test_type": "test",
      "test_name": "Bovine Pregnancy Diagnosis",
      "test_count": 2,
      "revenue": 900
    },
    {
      "employee_id": "962d57d6-d71b-4437-9ddd-4d350899688d",
      "employee_name": "Vipin Poulose",
      "test_type": "standard",
      "test_name": "Complete Blood Count",
      "test_count": 2,
      "revenue": 0
    },
    {
      "employee_id": "962d57d6-d71b-4437-9ddd-4d350899688d",
      "employee_name": "Vipin Poulose",
      "test_type": "panel",
      "test_name": "Basic Haemoparasite Panel ( Blood Smear + CBC )",
      "test_count": 2,
      "revenue": 700
    },
    {
      "employee_id": "95d47558-3afa-472b-8a1f-e28cb8483900",
      "employee_name": "Jithesh P K",
      "test_type": "panel",
      "test_name": "Culture and Sensitivity Test",
      "test_count": 2,
      "revenue": 1100
    },
    {
      "employee_id": "07a806ed-fa18-4665-80da-86a77a18de33",
      "employee_name": "Midhun",
      "test_type": "test",
      "test_name": "Haemoprotozoan Panel -Advanced",
      "test_count": 2,
      "revenue": 7200
    },
    {
      "employee_id": "07a806ed-fa18-4665-80da-86a77a18de33",
      "employee_name": "Midhun",
      "test_type": "test",
      "test_name": "Anaplasma platys PCR",
      "test_count": 2,
      "revenue": 1600
    },
    {
      "employee_id": "9f358c79-be92-4c33-88db-b6ddc8f48045",
      "employee_name": "Subith NV",
      "test_type": "test",
      "test_name": "Bovine Pregnancy Diagnosis",
      "test_count": 2,
      "revenue": 900
    },
    {
      "employee_id": "07a806ed-fa18-4665-80da-86a77a18de33",
      "employee_name": "Midhun",
      "test_type": "test",
      "test_name": "Babesia canis  PCR",
      "test_count": 2,
      "revenue": 1600
    },
    {
      "employee_id": "07a806ed-fa18-4665-80da-86a77a18de33",
      "employee_name": "Midhun",
      "test_type": "test",
      "test_name": "Babesia felis PCR",
      "test_count": 2,
      "revenue": 1600
    },
    {
      "employee_id": "962d57d6-d71b-4437-9ddd-4d350899688d",
      "employee_name": "Vipin Poulose",
      "test_type": "standard",
      "test_name": "Blood Smear ",
      "test_count": 2,
      "revenue": 0
    },
    {
      "employee_id": "95d47558-3afa-472b-8a1f-e28cb8483900",
      "employee_name": "Jithesh P K",
      "test_type": "test",
      "test_name": "Liver Function Test (LFT) - Basic",
      "test_count": 2,
      "revenue": 600
    },
    {
      "employee_id": "95d47558-3afa-472b-8a1f-e28cb8483900",
      "employee_name": "Jithesh P K",
      "test_type": "test",
      "test_name": "Caprine Pregnancy Check",
      "test_count": 2,
      "revenue": 1000
    },
    {
      "employee_id": "fdf32aa2-5a1b-47e6-8732-c233e2343e6f",
      "employee_name": "Yadhu krishnan N P",
      "test_type": "test",
      "test_name": "Trypanosoma PCR",
      "test_count": 1,
      "revenue": 800
    },
    {
      "employee_id": "368af367-0696-4f5d-a6d9-c328af8088b5",
      "employee_name": "Shinto Antony",
      "test_type": "test",
      "test_name": "Caprine Pregnancy Check",
      "test_count": 1,
      "revenue": 500
    },
    {
      "employee_id": "eb07d040-1547-42dc-a491-fc232e12d6ff",
      "employee_name": "Vishnu udayan",
      "test_type": "standard",
      "test_name": "ANTIMICROBIAL AGENT - Culture and Sensitivity",
      "test_count": 1,
      "revenue": 0
    },
    {
      "employee_id": "1ee71aee-dc1e-426e-8d02-cdd4a18a6301",
      "employee_name": "Ajay Krishna N S",
      "test_type": "test",
      "test_name": "Ehrlichia canis PCR",
      "test_count": 1,
      "revenue": 800
    },
    {
      "employee_id": "368af367-0696-4f5d-a6d9-c328af8088b5",
      "employee_name": "Shinto Antony",
      "test_type": "standard",
      "test_name": "Microbiology - Culture and Sensitivity",
      "test_count": 1,
      "revenue": 0
    },
    {
      "employee_id": "07a806ed-fa18-4665-80da-86a77a18de33",
      "employee_name": "Midhun",
      "test_type": "test",
      "test_name": "Canine Distemper  PCR",
      "test_count": 1,
      "revenue": 1200
    },
    {
      "employee_id": "ff371fee-4653-4da4-ba6a-e4dbd1d29699",
      "employee_name": "Biotech",
      "test_type": "test",
      "test_name": "Albumin ",
      "test_count": 1,
      "revenue": 200
    },
    {
      "employee_id": "368af367-0696-4f5d-a6d9-c328af8088b5",
      "employee_name": "Shinto Antony",
      "test_type": "standard",
      "test_name": "Blood Smear",
      "test_count": 1,
      "revenue": 0
    },
    {
      "employee_id": "07a806ed-fa18-4665-80da-86a77a18de33",
      "employee_name": "Midhun",
      "test_type": "test",
      "test_name": "Brucellosis PCR",
      "test_count": 1,
      "revenue": 1000
    },
    {
      "employee_id": "07a806ed-fa18-4665-80da-86a77a18de33",
      "employee_name": "Midhun",
      "test_type": "test",
      "test_name": "Brcuella PCR",
      "test_count": 1,
      "revenue": 800
    },
    {
      "employee_id": "eb07d040-1547-42dc-a491-fc232e12d6ff",
      "employee_name": "Vishnu udayan",
      "test_type": "standard",
      "test_name": "Microbiology - Culture and Sensitivity",
      "test_count": 1,
      "revenue": 0
    },
    {
      "employee_id": "2093fe15-5d32-4dfe-bee2-d36239fddccf",
      "employee_name": "Dheeraj R",
      "test_type": "test",
      "test_name": "Faecal Sample Examination",
      "test_count": 1,
      "revenue": 150
    },
    {
      "employee_id": "368af367-0696-4f5d-a6d9-c328af8088b5",
      "employee_name": "Shinto Antony",
      "test_type": "standard",
      "test_name": "ANTIMICROBIAL AGENT - Culture and Sensitivity",
      "test_count": 1,
      "revenue": 0
    },
    {
      "employee_id": "2093fe15-5d32-4dfe-bee2-d36239fddccf",
      "employee_name": "Dheeraj R",
      "test_type": "test",
      "test_name": "Liver Function Test (LFT) - Basic",
      "test_count": 1,
      "revenue": 300
    },
    {
      "employee_id": "368af367-0696-4f5d-a6d9-c328af8088b5",
      "employee_name": "Shinto Antony",
      "test_type": "test",
      "test_name": "Cow Calcium Test ",
      "test_count": 1,
      "revenue": 100
    },
    {
      "employee_id": "07a806ed-fa18-4665-80da-86a77a18de33",
      "employee_name": "Midhun",
      "test_type": "test",
      "test_name": "Babesia cati",
      "test_count": 1,
      "revenue": 800
    },
    {
      "employee_id": "eb07d040-1547-42dc-a491-fc232e12d6ff",
      "employee_name": "Vishnu udayan",
      "test_type": "test",
      "test_name": "Ehrlichia canis PCR",
      "test_count": 1,
      "revenue": 800
    },
    {
      "employee_id": "eb07d040-1547-42dc-a491-fc232e12d6ff",
      "employee_name": "Vishnu udayan",
      "test_type": "test",
      "test_name": "Calcium",
      "test_count": 1,
      "revenue": 100
    },
    {
      "employee_id": "2ee9ee6a-f8dd-4106-b807-3cec627f1e41",
      "employee_name": "Akhilesh S",
      "test_type": "test",
      "test_name": "Bovine Pregnancy Diagnosis",
      "test_count": 1,
      "revenue": 450
    },
    {
      "employee_id": "07a806ed-fa18-4665-80da-86a77a18de33",
      "employee_name": "Midhun",
      "test_type": "test",
      "test_name": "PCR Test For Rabies",
      "test_count": 1,
      "revenue": 1000
    },
    {
      "employee_id": "368af367-0696-4f5d-a6d9-c328af8088b5",
      "employee_name": "Shinto Antony",
      "test_type": "test",
      "test_name": "Haemoprotozoan Panel -Advanced",
      "test_count": 1,
      "revenue": 3600
    },
    {
      "employee_id": "1ee71aee-dc1e-426e-8d02-cdd4a18a6301",
      "employee_name": "Ajay Krishna N S",
      "test_type": "test",
      "test_name": "Complete Blood Count ( CBC )",
      "test_count": 1,
      "revenue": 300
    },
    {
      "employee_id": "dd63b71b-fc78-4081-8612-2d71b386691b",
      "employee_name": "Rajeev Gopi",
      "test_type": "test",
      "test_name": "Buffalo Pregnancy Check",
      "test_count": 1,
      "revenue": 500
    },
    {
      "employee_id": "ff371fee-4653-4da4-ba6a-e4dbd1d29699",
      "employee_name": "Biotech",
      "test_type": "test",
      "test_name": "SGOT",
      "test_count": 1,
      "revenue": 200
    },
    {
      "employee_id": "37dfb423-61b5-4bce-bbaf-f19a867e8815",
      "employee_name": "Jenish P J",
      "test_type": "test",
      "test_name": "Skin Scrapping",
      "test_count": 1,
      "revenue": 400
    },
    {
      "employee_id": "37dfb423-61b5-4bce-bbaf-f19a867e8815",
      "employee_name": "Jenish P J",
      "test_type": "test",
      "test_name": "Phosphorus",
      "test_count": 1,
      "revenue": 200
    },
    {
      "employee_id": "37dfb423-61b5-4bce-bbaf-f19a867e8815",
      "employee_name": "Jenish P J",
      "test_type": "test",
      "test_name": "Peripheral Blood Smear",
      "test_count": 1,
      "revenue": 300
    },
    {
      "employee_id": "07a806ed-fa18-4665-80da-86a77a18de33",
      "employee_name": "Midhun",
      "test_type": "standard",
      "test_name": "Blood Smear",
      "test_count": 1,
      "revenue": 0
    },
    {
      "employee_id": "ff371fee-4653-4da4-ba6a-e4dbd1d29699",
      "employee_name": "Biotech",
      "test_type": "test",
      "test_name": "Lipase",
      "test_count": 1,
      "revenue": 650
    },
    {
      "employee_id": "07a806ed-fa18-4665-80da-86a77a18de33",
      "employee_name": "Midhun",
      "test_type": "standard",
      "test_name": "Bovine Haemoparasite Molecular Maxi Panel",
      "test_count": 1,
      "revenue": 0
    },
    {
      "employee_id": "ff371fee-4653-4da4-ba6a-e4dbd1d29699",
      "employee_name": "Biotech",
      "test_type": "test",
      "test_name": "Kidney Function Test ( KFT ) -  Advanced ",
      "test_count": 1,
      "revenue": 600
    },
    {
      "employee_id": "37dfb423-61b5-4bce-bbaf-f19a867e8815",
      "employee_name": "Jenish P J",
      "test_type": "test",
      "test_name": "Glucose",
      "test_count": 1,
      "revenue": 200
    },
    {
      "employee_id": "dd63b71b-fc78-4081-8612-2d71b386691b",
      "employee_name": "Rajeev Gopi",
      "test_type": "test",
      "test_name": "Faecal Test Advanced ",
      "test_count": 1,
      "revenue": 300
    },
    {
      "employee_id": "37dfb423-61b5-4bce-bbaf-f19a867e8815",
      "employee_name": "Jenish P J",
      "test_type": "test",
      "test_name": "GGT",
      "test_count": 1,
      "revenue": 300
    },
    {
      "employee_id": "dd63b71b-fc78-4081-8612-2d71b386691b",
      "employee_name": "Rajeev Gopi",
      "test_type": "test",
      "test_name": "Kidney Function Test ( KFT) -  Basic",
      "test_count": 1,
      "revenue": 160
    },
    {
      "employee_id": "37dfb423-61b5-4bce-bbaf-f19a867e8815",
      "employee_name": "Jenish P J",
      "test_type": "test",
      "test_name": "Exfoliative Vaginal Cytology, EVC",
      "test_count": 1,
      "revenue": 500
    },
    {
      "employee_id": "37dfb423-61b5-4bce-bbaf-f19a867e8815",
      "employee_name": "Jenish P J",
      "test_type": "test",
      "test_name": "Creatinine ",
      "test_count": 1,
      "revenue": 100
    },
    {
      "employee_id": "37dfb423-61b5-4bce-bbaf-f19a867e8815",
      "employee_name": "Jenish P J",
      "test_type": "test",
      "test_name": "Calcium",
      "test_count": 1,
      "revenue": 200
    },
    {
      "employee_id": "37dfb423-61b5-4bce-bbaf-f19a867e8815",
      "employee_name": "Jenish P J",
      "test_type": "test",
      "test_name": "Blood Smear ",
      "test_count": 1,
      "revenue": 250
    },
    {
      "employee_id": "dd63b71b-fc78-4081-8612-2d71b386691b",
      "employee_name": "Rajeev Gopi",
      "test_type": "test",
      "test_name": "Urine Examination",
      "test_count": 1,
      "revenue": 150
    },
    {
      "employee_id": "37dfb423-61b5-4bce-bbaf-f19a867e8815",
      "employee_name": "Jenish P J",
      "test_type": "test",
      "test_name": " Brucellosis PCR",
      "test_count": 1,
      "revenue": 1000
    },
    {
      "employee_id": "e8c6927e-8177-4cc6-9ede-f3827cd6b75c",
      "employee_name": "Mridhulraj",
      "test_type": "panel",
      "test_name": "Culture and Sensitivity Test",
      "test_count": 1,
      "revenue": 550
    },
    {
      "employee_id": "e8c6927e-8177-4cc6-9ede-f3827cd6b75c",
      "employee_name": "Mridhulraj",
      "test_type": "standard",
      "test_name": "ANTIMICROBIAL AGENT - Culture and Sensitivity",
      "test_count": 1,
      "revenue": 0
    },
    {
      "employee_id": "ff371fee-4653-4da4-ba6a-e4dbd1d29699",
      "employee_name": "Biotech",
      "test_type": "test",
      "test_name": "Globulin ",
      "test_count": 1,
      "revenue": 200
    },
    {
      "employee_id": "368af367-0696-4f5d-a6d9-c328af8088b5",
      "employee_name": "Shinto Antony",
      "test_type": "test",
      "test_name": "Total T4",
      "test_count": 1,
      "revenue": 400
    },
    {
      "employee_id": "ff371fee-4653-4da4-ba6a-e4dbd1d29699",
      "employee_name": "Biotech",
      "test_type": "test",
      "test_name": "Amylase",
      "test_count": 1,
      "revenue": 550
    },
    {
      "employee_id": "e8c6927e-8177-4cc6-9ede-f3827cd6b75c",
      "employee_name": "Mridhulraj",
      "test_type": "standard",
      "test_name": "Microbiology - Culture and Sensitivity",
      "test_count": 1,
      "revenue": 0
    },
    {
      "employee_id": "07a806ed-fa18-4665-80da-86a77a18de33",
      "employee_name": "Midhun",
      "test_type": "test",
      "test_name": "Cytauxzoon felis PCR",
      "test_count": 1,
      "revenue": 800
    },
    {
      "employee_id": "1ee71aee-dc1e-426e-8d02-cdd4a18a6301",
      "employee_name": "Ajay Krishna N S",
      "test_type": "test",
      "test_name": "Canine Haemoparasite Molecular Test ( PCR )",
      "test_count": 1,
      "revenue": 2000
    },
    {
      "employee_id": "1ee71aee-dc1e-426e-8d02-cdd4a18a6301",
      "employee_name": "Ajay Krishna N S",
      "test_type": "test",
      "test_name": "Caprine Pregnancy Check",
      "test_count": 1,
      "revenue": 500
    },
    {
      "employee_id": "fdf32aa2-5a1b-47e6-8732-c233e2343e6f",
      "employee_name": "Yadhu krishnan N P",
      "test_type": "panel",
      "test_name": "Bovine Haemoparasite Molecular Maxi panel ( CBC +BS )",
      "test_count": 1,
      "revenue": 1200
    },
    {
      "employee_id": "1521f943-1da6-4f4c-959f-807707947407",
      "employee_name": "Sarath Chandran",
      "test_type": "test",
      "test_name": "Buffalo Pregnancy Check",
      "test_count": 1,
      "revenue": 500
    },
    {
      "employee_id": "1521f943-1da6-4f4c-959f-807707947407",
      "employee_name": "Sarath Chandran",
      "test_type": "standard",
      "test_name": "Peripheral Blood Smear",
      "test_count": 1,
      "revenue": 0
    },
    {
      "employee_id": "07a806ed-fa18-4665-80da-86a77a18de33",
      "employee_name": "Midhun",
      "test_type": "test",
      "test_name": "Mycoplasma haemofelis  PCR",
      "test_count": 1,
      "revenue": 800
    },
    {
      "employee_id": "f3d42c0e-675b-4657-bc06-46514ee0f84c",
      "employee_name": "Lewis Benhar",
      "test_type": "test",
      "test_name": "Buffalo Pregnancy Check",
      "test_count": 1,
      "revenue": 500
    },
    {
      "employee_id": "fdf32aa2-5a1b-47e6-8732-c233e2343e6f",
      "employee_name": "Yadhu krishnan N P",
      "test_type": "standard",
      "test_name": "Microbiology - Culture and Sensitivity",
      "test_count": 1,
      "revenue": 0
    },
    {
      "employee_id": "f3d42c0e-675b-4657-bc06-46514ee0f84c",
      "employee_name": "Lewis Benhar",
      "test_type": "test",
      "test_name": "Caprine Pregnancy Check",
      "test_count": 1,
      "revenue": 450
    },
    {
      "employee_id": "f3d42c0e-675b-4657-bc06-46514ee0f84c",
      "employee_name": "Lewis Benhar",
      "test_type": "test",
      "test_name": "Complete Blood Count",
      "test_count": 1,
      "revenue": 250
    },
    {
      "employee_id": "1521f943-1da6-4f4c-959f-807707947407",
      "employee_name": "Sarath Chandran",
      "test_type": "standard",
      "test_name": "Complete Blood Count ( CBC )",
      "test_count": 1,
      "revenue": 0
    },
    {
      "employee_id": "07a806ed-fa18-4665-80da-86a77a18de33",
      "employee_name": "Midhun",
      "test_type": "test",
      "test_name": "PCR Test For Canine Distemper",
      "test_count": 1,
      "revenue": 1200
    },
    {
      "employee_id": "fdf32aa2-5a1b-47e6-8732-c233e2343e6f",
      "employee_name": "Yadhu krishnan N P",
      "test_type": "standard",
      "test_name": "Bovine Haemoparasite Molecular Maxi Panel",
      "test_count": 1,
      "revenue": 0
    },
    {
      "employee_id": "f3d42c0e-675b-4657-bc06-46514ee0f84c",
      "employee_name": "Lewis Benhar",
      "test_type": "test",
      "test_name": "Haemorrhagic Septicaemia PCR",
      "test_count": 1,
      "revenue": 800
    },
    {
      "employee_id": "13b674bb-c3a1-4b69-b198-633f2ce1f158",
      "employee_name": "Able",
      "test_type": "test",
      "test_name": "Urine Examination",
      "test_count": 1,
      "revenue": 150
    },
    {
      "employee_id": "07a806ed-fa18-4665-80da-86a77a18de33",
      "employee_name": "Midhun",
      "test_type": "test",
      "test_name": "PCR Test For Canine Parvoviral Enteritis",
      "test_count": 1,
      "revenue": 800
    },
    {
      "employee_id": "13b674bb-c3a1-4b69-b198-633f2ce1f158",
      "employee_name": "Able",
      "test_type": "test",
      "test_name": "Liver Function Test ( LFT ) - Basic",
      "test_count": 1,
      "revenue": 600
    },
    {
      "employee_id": "f3d42c0e-675b-4657-bc06-46514ee0f84c",
      "employee_name": "Lewis Benhar",
      "test_type": "test",
      "test_name": "Liver Function Test (LFT) - Advanced",
      "test_count": 1,
      "revenue": 600
    },
    {
      "employee_id": "13b674bb-c3a1-4b69-b198-633f2ce1f158",
      "employee_name": "Able",
      "test_type": "test",
      "test_name": "Kidney Function Test ( KFT ) - Basic",
      "test_count": 1,
      "revenue": 300
    },
    {
      "employee_id": "fdf32aa2-5a1b-47e6-8732-c233e2343e6f",
      "employee_name": "Yadhu krishnan N P",
      "test_type": "standard",
      "test_name": "Blood Smear",
      "test_count": 1,
      "revenue": 0
    },
    {
      "employee_id": "13b674bb-c3a1-4b69-b198-633f2ce1f158",
      "employee_name": "Able",
      "test_type": "test",
      "test_name": "Faecal Sample Examination",
      "test_count": 1,
      "revenue": 150
    },
    {
      "employee_id": "13b674bb-c3a1-4b69-b198-633f2ce1f158",
      "employee_name": "Able",
      "test_type": "test",
      "test_name": "Complete Blood Count",
      "test_count": 1,
      "revenue": 250
    },
    {
      "employee_id": "fdf32aa2-5a1b-47e6-8732-c233e2343e6f",
      "employee_name": "Yadhu krishnan N P",
      "test_type": "standard",
      "test_name": "ANTIMICROBIAL AGENT - Culture and Sensitivity",
      "test_count": 1,
      "revenue": 0
    },
    {
      "employee_id": "fdf32aa2-5a1b-47e6-8732-c233e2343e6f",
      "employee_name": "Yadhu krishnan N P",
      "test_type": "panel",
      "test_name": "Culture and Sensitivity Test",
      "test_count": 1,
      "revenue": 550
    },
    {
      "employee_id": "f3d42c0e-675b-4657-bc06-46514ee0f84c",
      "employee_name": "Lewis Benhar",
      "test_type": "test",
      "test_name": "Skin scrapping test",
      "test_count": 1,
      "revenue": 350
    },
    {
      "employee_id": "13b674bb-c3a1-4b69-b198-633f2ce1f158",
      "employee_name": "Able",
      "test_type": "test",
      "test_name": "Blood Smear ",
      "test_count": 1,
      "revenue": 250
    },
    {
      "employee_id": "13b674bb-c3a1-4b69-b198-633f2ce1f158",
      "employee_name": "Able",
      "test_type": "standard",
      "test_name": "Peripheral Blood Smear",
      "test_count": 1,
      "revenue": 0
    },
    {
      "employee_id": "13b674bb-c3a1-4b69-b198-633f2ce1f158",
      "employee_name": "Able",
      "test_type": "standard",
      "test_name": "Complete Blood Count ( CBC )",
      "test_count": 1,
      "revenue": 0
    },
    {
      "employee_id": "1521f943-1da6-4f4c-959f-807707947407",
      "employee_name": "Sarath Chandran",
      "test_type": "test",
      "test_name": "Calcium ",
      "test_count": 1,
      "revenue": 100
    },
    {
      "employee_id": "07a806ed-fa18-4665-80da-86a77a18de33",
      "employee_name": "Midhun",
      "test_type": "test",
      "test_name": "Magnesium",
      "test_count": 1,
      "revenue": 300
    },
    {
      "employee_id": "1521f943-1da6-4f4c-959f-807707947407",
      "employee_name": "Sarath Chandran",
      "test_type": "test",
      "test_name": "Complete Blood Count ( CBC )",
      "test_count": 1,
      "revenue": 300
    },
    {
      "employee_id": "1541cacf-2d7c-4fa8-8662-3959a8b11594",
      "employee_name": "Abel k Jubin",
      "test_type": "standard",
      "test_name": "Peripheral Blood Smear",
      "test_count": 1,
      "revenue": 0
    },
    {
      "employee_id": "eb07d040-1547-42dc-a491-fc232e12d6ff",
      "employee_name": "Vishnu udayan",
      "test_type": "test",
      "test_name": "Phosphorus",
      "test_count": 1,
      "revenue": 100
    },
    {
      "employee_id": "1ee71aee-dc1e-426e-8d02-cdd4a18a6301",
      "employee_name": "Ajay Krishna N S",
      "test_type": "standard",
      "test_name": "Bovine Haemoparasite Molecular Maxi Panel",
      "test_count": 1,
      "revenue": 0
    },
    {
      "employee_id": "07a806ed-fa18-4665-80da-86a77a18de33",
      "employee_name": "Midhun",
      "test_type": "test",
      "test_name": "Exfoliative Vaginal Cytology, EVC",
      "test_count": 1,
      "revenue": 500
    },
    {
      "employee_id": "eb07d040-1547-42dc-a491-fc232e12d6ff",
      "employee_name": "Vishnu udayan",
      "test_type": "test",
      "test_name": "Sodium Test For Cow",
      "test_count": 1,
      "revenue": 200
    },
    {
      "employee_id": "1ee71aee-dc1e-426e-8d02-cdd4a18a6301",
      "employee_name": "Ajay Krishna N S",
      "test_type": "panel",
      "test_name": "Bovine Haemoparasite Molecular Maxi panel ( CBC +BS )",
      "test_count": 1,
      "revenue": 1200
    },
    {
      "employee_id": "f035cdde-ffea-4d4d-b07e-d58ce128716c",
      "employee_name": "Akhil I G",
      "test_type": "panel",
      "test_name": "Culture and Sensitivity Test",
      "test_count": 1,
      "revenue": 550
    },
    {
      "employee_id": "f035cdde-ffea-4d4d-b07e-d58ce128716c",
      "employee_name": "Akhil I G",
      "test_type": "standard",
      "test_name": "ANTIMICROBIAL AGENT - Culture and Sensitivity",
      "test_count": 1,
      "revenue": 0
    },
    {
      "employee_id": "1541cacf-2d7c-4fa8-8662-3959a8b11594",
      "employee_name": "Abel k Jubin",
      "test_type": "test",
      "test_name": "Potassium Test For Cow",
      "test_count": 1,
      "revenue": 200
    },
    {
      "employee_id": "1541cacf-2d7c-4fa8-8662-3959a8b11594",
      "employee_name": "Abel k Jubin",
      "test_type": "test",
      "test_name": "Classical Swine Fever",
      "test_count": 1,
      "revenue": 1200
    },
    {
      "employee_id": "1541cacf-2d7c-4fa8-8662-3959a8b11594",
      "employee_name": "Abel k Jubin",
      "test_type": "test",
      "test_name": "Atropic Rhinitis",
      "test_count": 1,
      "revenue": 1200
    },
    {
      "employee_id": "f035cdde-ffea-4d4d-b07e-d58ce128716c",
      "employee_name": "Akhil I G",
      "test_type": "standard",
      "test_name": "Microbiology - Culture and Sensitivity",
      "test_count": 1,
      "revenue": 0
    },
    {
      "employee_id": "f035cdde-ffea-4d4d-b07e-d58ce128716c",
      "employee_name": "Akhil I G",
      "test_type": "test",
      "test_name": " Brucellosis PCR",
      "test_count": 1,
      "revenue": 1000
    },
    {
      "employee_id": "07a806ed-fa18-4665-80da-86a77a18de33",
      "employee_name": "Midhun",
      "test_type": "test",
      "test_name": "Kidney Function Test ( KFT ) -  Advanced ",
      "test_count": 1,
      "revenue": 600
    },
    {
      "employee_id": "1541cacf-2d7c-4fa8-8662-3959a8b11594",
      "employee_name": "Abel k Jubin",
      "test_type": "standard",
      "test_name": "Microbiology - Culture and Sensitivity",
      "test_count": 1,
      "revenue": 0
    },
    {
      "employee_id": "1541cacf-2d7c-4fa8-8662-3959a8b11594",
      "employee_name": "Abel k Jubin",
      "test_type": "standard",
      "test_name": "Complete Blood Count ( CBC )",
      "test_count": 1,
      "revenue": 0
    },
    {
      "employee_id": "07a806ed-fa18-4665-80da-86a77a18de33",
      "employee_name": "Midhun",
      "test_type": "test",
      "test_name": "Glucose Test For Cow",
      "test_count": 1,
      "revenue": 100
    },
    {
      "employee_id": "f035cdde-ffea-4d4d-b07e-d58ce128716c",
      "employee_name": "Akhil I G",
      "test_type": "test",
      "test_name": "Complete Blood Count ( CBC )",
      "test_count": 1,
      "revenue": 300
    },
    {
      "employee_id": "f035cdde-ffea-4d4d-b07e-d58ce128716c",
      "employee_name": "Akhil I G",
      "test_type": "test",
      "test_name": "Cow Calcium Test ",
      "test_count": 1,
      "revenue": 100
    },
    {
      "employee_id": "1541cacf-2d7c-4fa8-8662-3959a8b11594",
      "employee_name": "Abel k Jubin",
      "test_type": "standard",
      "test_name": "ANTIMICROBIAL AGENT - Culture and Sensitivity",
      "test_count": 1,
      "revenue": 0
    },
    {
      "employee_id": "f035cdde-ffea-4d4d-b07e-d58ce128716c",
      "employee_name": "Akhil I G",
      "test_type": "test",
      "test_name": "Phosphorus Test For Cow ",
      "test_count": 1,
      "revenue": 100
    },
    {
      "employee_id": "3b5e2538-81d0-4485-9935-233f0f37aaa4",
      "employee_name": "Anu T Vincent",
      "test_type": "standard",
      "test_name": "ANTIMICROBIAL AGENT - Culture and Sensitivity",
      "test_count": 1,
      "revenue": 0
    },
    {
      "employee_id": "07a806ed-fa18-4665-80da-86a77a18de33",
      "employee_name": "Midhun",
      "test_type": "test",
      "test_name": "Hepatozoon canis",
      "test_count": 1,
      "revenue": 800
    },
    {
      "employee_id": "1521f943-1da6-4f4c-959f-807707947407",
      "employee_name": "Sarath Chandran",
      "test_type": "test",
      "test_name": "PCR Test For Leptospirosis",
      "test_count": 1,
      "revenue": 800
    },
    {
      "employee_id": "07a806ed-fa18-4665-80da-86a77a18de33",
      "employee_name": "Midhun",
      "test_type": "test",
      "test_name": "Hepatozoon felis",
      "test_count": 1,
      "revenue": 800
    },
    {
      "employee_id": "1541cacf-2d7c-4fa8-8662-3959a8b11594",
      "employee_name": "Abel k Jubin",
      "test_type": "panel",
      "test_name": "Culture and Sensitivity Test",
      "test_count": 1,
      "revenue": 550
    },
    {
      "employee_id": "cf547e61-fa9c-4df7-9e2c-92cbb1602448",
      "employee_name": "Tenjish A",
      "test_type": "test",
      "test_name": "Complete Blood Count ( CBC )",
      "test_count": 1,
      "revenue": 300
    },
    {
      "employee_id": "3b5e2538-81d0-4485-9935-233f0f37aaa4",
      "employee_name": "Anu T Vincent",
      "test_type": "standard",
      "test_name": "Microbiology - Culture and Sensitivity",
      "test_count": 1,
      "revenue": 0
    },
    {
      "employee_id": "76df4bfb-8232-47d5-9801-a84cae714395",
      "employee_name": "Muhammed Sabir",
      "test_type": "test",
      "test_name": "Kidney Function Test ( KFT) -  Basic",
      "test_count": 1,
      "revenue": 160
    },
    {
      "employee_id": "b5aa9436-eeb3-48d9-a4c4-3f44ce152fb1",
      "employee_name": "Dr Freddy k sam",
      "test_type": "test",
      "test_name": "Creatinine ",
      "test_count": 1,
      "revenue": 100
    },
    {
      "employee_id": "b5aa9436-eeb3-48d9-a4c4-3f44ce152fb1",
      "employee_name": "Dr Freddy k sam",
      "test_type": "test",
      "test_name": "Culture and Sensitivity Test",
      "test_count": 1,
      "revenue": 550
    },
    {
      "employee_id": "b5aa9436-eeb3-48d9-a4c4-3f44ce152fb1",
      "employee_name": "Dr Freddy k sam",
      "test_type": "test",
      "test_name": "Ehrlichia canis PCR",
      "test_count": 1,
      "revenue": 800
    },
    {
      "employee_id": "7c9be1ba-236c-4c82-8781-ebb1cbb1e3cb",
      "employee_name": "Jastin Joy",
      "test_type": "test",
      "test_name": "Cow Calcium Test ",
      "test_count": 1,
      "revenue": 100
    },
    {
      "employee_id": "b5aa9436-eeb3-48d9-a4c4-3f44ce152fb1",
      "employee_name": "Dr Freddy k sam",
      "test_type": "test",
      "test_name": "FNAC",
      "test_count": 1,
      "revenue": 600
    },
    {
      "employee_id": "7c9be1ba-236c-4c82-8781-ebb1cbb1e3cb",
      "employee_name": "Jastin Joy",
      "test_type": "test",
      "test_name": "Caprine Pregnancy Check",
      "test_count": 1,
      "revenue": 500
    },
    {
      "employee_id": "b5aa9436-eeb3-48d9-a4c4-3f44ce152fb1",
      "employee_name": "Dr Freddy k sam",
      "test_type": "test",
      "test_name": "Faecal Test Advanced ",
      "test_count": 1,
      "revenue": 300
    },
    {
      "employee_id": "07a806ed-fa18-4665-80da-86a77a18de33",
      "employee_name": "Midhun",
      "test_type": "panel",
      "test_name": "Bovine Haemoparasite Molecular Maxi panel ( CBC +BS )",
      "test_count": 1,
      "revenue": 1200
    },
    {
      "employee_id": "7a12dea9-6641-41fe-8d07-a44d1f4b2b87",
      "employee_name": "Aswin S",
      "test_type": "test",
      "test_name": "Tuberculosis (TB) PCR",
      "test_count": 1,
      "revenue": 800
    },
    {
      "employee_id": "7a12dea9-6641-41fe-8d07-a44d1f4b2b87",
      "employee_name": "Aswin S",
      "test_type": "test",
      "test_name": "Kidney Function Test ( KFT)  - Advanced",
      "test_count": 1,
      "revenue": 250
    },
    {
      "employee_id": "7a12dea9-6641-41fe-8d07-a44d1f4b2b87",
      "employee_name": "Aswin S",
      "test_type": "test",
      "test_name": "Complete Blood Count",
      "test_count": 1,
      "revenue": 250
    },
    {
      "employee_id": "7a12dea9-6641-41fe-8d07-a44d1f4b2b87",
      "employee_name": "Aswin S",
      "test_type": "test",
      "test_name": " Brucellosis PCR",
      "test_count": 1,
      "revenue": 1000
    },
    {
      "employee_id": "76df4bfb-8232-47d5-9801-a84cae714395",
      "employee_name": "Muhammed Sabir",
      "test_type": "test",
      "test_name": "Phosphorus Test For Cow ",
      "test_count": 1,
      "revenue": 100
    },
    {
      "employee_id": "b5aa9436-eeb3-48d9-a4c4-3f44ce152fb1",
      "employee_name": "Dr Freddy k sam",
      "test_type": "test",
      "test_name": "Phosphorous",
      "test_count": 1,
      "revenue": 100
    },
    {
      "employee_id": "76df4bfb-8232-47d5-9801-a84cae714395",
      "employee_name": "Muhammed Sabir",
      "test_type": "test",
      "test_name": "Faecal Sample Examination",
      "test_count": 1,
      "revenue": 150
    },
    {
      "employee_id": "70b3bb66-0999-457b-b426-02802f70d581",
      "employee_name": "Midhun Babu",
      "test_type": "standard",
      "test_name": "Complete Blood Count ( CBC )",
      "test_count": 1,
      "revenue": 0
    },
    {
      "employee_id": "b5aa9436-eeb3-48d9-a4c4-3f44ce152fb1",
      "employee_name": "Dr Freddy k sam",
      "test_type": "test",
      "test_name": "Progesterone, P4",
      "test_count": 1,
      "revenue": 650
    },
    {
      "employee_id": "b5aa9436-eeb3-48d9-a4c4-3f44ce152fb1",
      "employee_name": "Dr Freddy k sam",
      "test_type": "test",
      "test_name": "SGPT",
      "test_count": 1,
      "revenue": 200
    },
    {
      "employee_id": "76df4bfb-8232-47d5-9801-a84cae714395",
      "employee_name": "Muhammed Sabir",
      "test_type": "test",
      "test_name": "Cow Calcium Test ",
      "test_count": 1,
      "revenue": 100
    },
    {
      "employee_id": "b5aa9436-eeb3-48d9-a4c4-3f44ce152fb1",
      "employee_name": "Dr Freddy k sam",
      "test_type": "test",
      "test_name": "Testosterone Test",
      "test_count": 1,
      "revenue": 800
    },
    {
      "employee_id": "76df4bfb-8232-47d5-9801-a84cae714395",
      "employee_name": "Muhammed Sabir",
      "test_type": "test",
      "test_name": "Buffalo Pregnancy Check",
      "test_count": 1,
      "revenue": 500
    },
    {
      "employee_id": "76df4bfb-8232-47d5-9801-a84cae714395",
      "employee_name": "Muhammed Sabir",
      "test_type": "standard",
      "test_name": "Peripheral Blood Smear",
      "test_count": 1,
      "revenue": 0
    },
    {
      "employee_id": "bc0ef431-4a45-45f2-a842-6ced47ea99b8",
      "employee_name": "Nidhin V Antony",
      "test_type": "test",
      "test_name": "Caprine Pregnancy Check",
      "test_count": 1,
      "revenue": 500
    },
    {
      "employee_id": "76df4bfb-8232-47d5-9801-a84cae714395",
      "employee_name": "Muhammed Sabir",
      "test_type": "standard",
      "test_name": "Complete Blood Count ( CBC )",
      "test_count": 1,
      "revenue": 0
    },
    {
      "employee_id": "76df4bfb-8232-47d5-9801-a84cae714395",
      "employee_name": "Muhammed Sabir",
      "test_type": "standard",
      "test_name": "Blood Smear",
      "test_count": 1,
      "revenue": 0
    },
    {
      "employee_id": "bf6419c1-e8ce-4b33-8891-02924edc20c7",
      "employee_name": "Akarsh",
      "test_type": "test",
      "test_name": "Cow Calcium Test ",
      "test_count": 1,
      "revenue": 100
    },
    {
      "employee_id": "bf6419c1-e8ce-4b33-8891-02924edc20c7",
      "employee_name": "Akarsh",
      "test_type": "test",
      "test_name": "Faecal Sample Examination",
      "test_count": 1,
      "revenue": 150
    },
    {
      "employee_id": "bf6419c1-e8ce-4b33-8891-02924edc20c7",
      "employee_name": "Akarsh",
      "test_type": "test",
      "test_name": "Phosphorus Test For Cow ",
      "test_count": 1,
      "revenue": 100
    },
    {
      "employee_id": "70b3bb66-0999-457b-b426-02802f70d581",
      "employee_name": "Midhun Babu",
      "test_type": "test",
      "test_name": "Liver Function Test ( LFT ) - Basic",
      "test_count": 1,
      "revenue": 600
    },
    {
      "employee_id": "70b3bb66-0999-457b-b426-02802f70d581",
      "employee_name": "Midhun Babu",
      "test_type": "test",
      "test_name": " Brucellosis PCR",
      "test_count": 1,
      "revenue": 1000
    },
    {
      "employee_id": "7cb21b2d-f59d-4113-b8d7-8470da4d9548",
      "employee_name": "Sivadas K P",
      "test_type": "panel",
      "test_name": "Basic Haemoparasite Panel ( Blood Smear + CBC )",
      "test_count": 1,
      "revenue": 350
    },
    {
      "employee_id": "7cb21b2d-f59d-4113-b8d7-8470da4d9548",
      "employee_name": "Sivadas K P",
      "test_type": "standard",
      "test_name": "Blood Smear ",
      "test_count": 1,
      "revenue": 0
    },
    {
      "employee_id": "7cb21b2d-f59d-4113-b8d7-8470da4d9548",
      "employee_name": "Sivadas K P",
      "test_type": "standard",
      "test_name": "Complete Blood Count",
      "test_count": 1,
      "revenue": 0
    },
    {
      "employee_id": "949cf84b-9880-4ed9-81c2-c1297b40d0dd",
      "employee_name": "Dibin O K",
      "test_type": "standard",
      "test_name": "Blood Smear",
      "test_count": 1,
      "revenue": 0
    },
    {
      "employee_id": "ac20add5-f8b0-43d2-a923-9ef39806326b",
      "employee_name": "Sharon Das",
      "test_type": "standard",
      "test_name": "Complete Blood Count ( CBC )",
      "test_count": 1,
      "revenue": 0
    },
    {
      "employee_id": "a6c386e1-91f9-4399-bb1a-62fc88c9f842",
      "employee_name": "Muhammed Rishad M",
      "test_type": "test",
      "test_name": "Faecal Sample Examination",
      "test_count": 1,
      "revenue": 150
    },
    {
      "employee_id": "a6c386e1-91f9-4399-bb1a-62fc88c9f842",
      "employee_name": "Muhammed Rishad M",
      "test_type": "test",
      "test_name": "Cow Calcium Test ",
      "test_count": 1,
      "revenue": 100
    },
    {
      "employee_id": "a6c386e1-91f9-4399-bb1a-62fc88c9f842",
      "employee_name": "Muhammed Rishad M",
      "test_type": "test",
      "test_name": "Bovine Pregnancy Diagnosis",
      "test_count": 1,
      "revenue": 450
    },
    {
      "employee_id": "ac20add5-f8b0-43d2-a923-9ef39806326b",
      "employee_name": "Sharon Das",
      "test_type": "test",
      "test_name": "Urine Examination",
      "test_count": 1,
      "revenue": 150
    },
    {
      "employee_id": "962d57d6-d71b-4437-9ddd-4d350899688d",
      "employee_name": "Vipin Poulose",
      "test_type": "test",
      "test_name": "Complete Blood Count",
      "test_count": 1,
      "revenue": 250
    },
    {
      "employee_id": "962d57d6-d71b-4437-9ddd-4d350899688d",
      "employee_name": "Vipin Poulose",
      "test_type": "test",
      "test_name": "Blood Smear ",
      "test_count": 1,
      "revenue": 250
    },
    {
      "employee_id": "95d47558-3afa-472b-8a1f-e28cb8483900",
      "employee_name": "Jithesh P K",
      "test_type": "test",
      "test_name": "Phosphorus",
      "test_count": 1,
      "revenue": 100
    },
    {
      "employee_id": "b2585399-9d88-4996-8b2b-c23af329dec4",
      "employee_name": "Devadarsan",
      "test_type": "panel",
      "test_name": "Basic Haemoparasite Panel ( Blood Smear + CBC )",
      "test_count": 1,
      "revenue": 350
    },
    {
      "employee_id": "b2585399-9d88-4996-8b2b-c23af329dec4",
      "employee_name": "Devadarsan",
      "test_type": "standard",
      "test_name": "Blood Smear ",
      "test_count": 1,
      "revenue": 0
    },
    {
      "employee_id": "b2585399-9d88-4996-8b2b-c23af329dec4",
      "employee_name": "Devadarsan",
      "test_type": "standard",
      "test_name": "Complete Blood Count",
      "test_count": 1,
      "revenue": 0
    },
    {
      "employee_id": "b2585399-9d88-4996-8b2b-c23af329dec4",
      "employee_name": "Devadarsan",
      "test_type": "test",
      "test_name": "Caprine Pregnancy Check",
      "test_count": 1,
      "revenue": 500
    },
    {
      "employee_id": "b2585399-9d88-4996-8b2b-c23af329dec4",
      "employee_name": "Devadarsan",
      "test_type": "test",
      "test_name": "Cow Calcium Test ",
      "test_count": 1,
      "revenue": 100
    },
    {
      "employee_id": "b5aa9436-eeb3-48d9-a4c4-3f44ce152fb1",
      "employee_name": "Dr Freddy k sam",
      "test_type": "panel",
      "test_name": "Basic Panel CBC + BS",
      "test_count": 1,
      "revenue": 400
    },
    {
      "employee_id": "95d47558-3afa-472b-8a1f-e28cb8483900",
      "employee_name": "Jithesh P K",
      "test_type": "test",
      "test_name": "Kidney Function Test ( KFT ) - Basic",
      "test_count": 1,
      "revenue": 300
    },
    {
      "employee_id": "95d47558-3afa-472b-8a1f-e28cb8483900",
      "employee_name": "Jithesh P K",
      "test_type": "test",
      "test_name": "Complete Blood Count",
      "test_count": 1,
      "revenue": 350
    },
    {
      "employee_id": "95d47558-3afa-472b-8a1f-e28cb8483900",
      "employee_name": "Jithesh P K",
      "test_type": "test",
      "test_name": "Calcium",
      "test_count": 1,
      "revenue": 100
    },
    {
      "employee_id": "b5aa9436-eeb3-48d9-a4c4-3f44ce152fb1",
      "employee_name": "Dr Freddy k sam",
      "test_type": "standard",
      "test_name": "CBC",
      "test_count": 1,
      "revenue": 0
    },
    {
      "employee_id": "95d47558-3afa-472b-8a1f-e28cb8483900",
      "employee_name": "Jithesh P K",
      "test_type": "test",
      "test_name": "Blood Smear ",
      "test_count": 1,
      "revenue": 250
    },
    {
      "employee_id": "95d47558-3afa-472b-8a1f-e28cb8483900",
      "employee_name": "Jithesh P K",
      "test_type": "standard",
      "test_name": "Microbiology - Culture and Sensitivity",
      "test_count": 1,
      "revenue": 0
    },
    {
      "employee_id": "95d47558-3afa-472b-8a1f-e28cb8483900",
      "employee_name": "Jithesh P K",
      "test_type": "standard",
      "test_name": "ANTIMICROBIAL AGENT - Culture and Sensitivity",
      "test_count": 1,
      "revenue": 0
    },
    {
      "employee_id": "b5aa9436-eeb3-48d9-a4c4-3f44ce152fb1",
      "employee_name": "Dr Freddy k sam",
      "test_type": "test",
      "test_name": " Brucellosis PCR",
      "test_count": 1,
      "revenue": 1000
    },
    {
      "employee_id": "b5aa9436-eeb3-48d9-a4c4-3f44ce152fb1",
      "employee_name": "Dr Freddy k sam",
      "test_type": "test",
      "test_name": "A1A2 Qualitative Test",
      "test_count": 1,
      "revenue": 800
    },
    {
      "employee_id": "b5aa9436-eeb3-48d9-a4c4-3f44ce152fb1",
      "employee_name": "Dr Freddy k sam",
      "test_type": "test",
      "test_name": "Babesia canis  PCR",
      "test_count": 1,
      "revenue": 800
    },
    {
      "employee_id": "b5aa9436-eeb3-48d9-a4c4-3f44ce152fb1",
      "employee_name": "Dr Freddy k sam",
      "test_type": "test",
      "test_name": "Babesia gibsoni",
      "test_count": 1,
      "revenue": 800
    },
    {
      "employee_id": "949cf84b-9880-4ed9-81c2-c1297b40d0dd",
      "employee_name": "Dibin O K",
      "test_type": "test",
      "test_name": "Magnesium",
      "test_count": 1,
      "revenue": 300
    },
    {
      "employee_id": "949cf84b-9880-4ed9-81c2-c1297b40d0dd",
      "employee_name": "Dibin O K",
      "test_type": "test",
      "test_name": "Faecal Sample Examination",
      "test_count": 1,
      "revenue": 150
    },
    {
      "employee_id": "b5aa9436-eeb3-48d9-a4c4-3f44ce152fb1",
      "employee_name": "Dr Freddy k sam",
      "test_type": "test",
      "test_name": "Calcium ",
      "test_count": 1,
      "revenue": 100
    },
    {
      "employee_id": "949cf84b-9880-4ed9-81c2-c1297b40d0dd",
      "employee_name": "Dibin O K",
      "test_type": "test",
      "test_name": "Cow Calcium Test ",
      "test_count": 1,
      "revenue": 100
    },
    {
      "employee_id": "70b3bb66-0999-457b-b426-02802f70d581",
      "employee_name": "Midhun Babu",
      "test_type": "standard",
      "test_name": "Peripheral Blood Smear",
      "test_count": 1,
      "revenue": 0
    },
    {
      "employee_id": "70b3bb66-0999-457b-b426-02802f70d581",
      "employee_name": "Midhun Babu",
      "test_type": "panel",
      "test_name": "Basic Haemoparasite Panel ( Blood Smear + CBC )",
      "test_count": 1,
      "revenue": 400
    },
    {
      "employee_id": "3b5e2538-81d0-4485-9935-233f0f37aaa4",
      "employee_name": "Anu T Vincent",
      "test_type": "test",
      "test_name": "Babesia gibsoni",
      "test_count": 1,
      "revenue": 800
    },
    {
      "employee_id": "3b5e2538-81d0-4485-9935-233f0f37aaa4",
      "employee_name": "Anu T Vincent",
      "test_type": "test",
      "test_name": "Skin scrapping ",
      "test_count": 1,
      "revenue": 350
    },
    {
      "employee_id": "c867a6ef-206b-4c97-8ec0-87b5d1ad1694",
      "employee_name": "Santhosh C S",
      "test_type": "test",
      "test_name": "Bovine Haemoparasite Molecular Maxi Panel",
      "test_count": 1,
      "revenue": 1000
    },
    {
      "employee_id": "487ae487-ea15-418d-83a4-1656b2519e54",
      "employee_name": "Alias Roy",
      "test_type": "test",
      "test_name": "Kidney Function Test ( KFT ) - Basic",
      "test_count": 1,
      "revenue": 300
    },
    {
      "employee_id": "487ae487-ea15-418d-83a4-1656b2519e54",
      "employee_name": "Alias Roy",
      "test_type": "standard",
      "test_name": "Peripheral Blood Smear",
      "test_count": 1,
      "revenue": 0
    },
    {
      "employee_id": "487ae487-ea15-418d-83a4-1656b2519e54",
      "employee_name": "Alias Roy",
      "test_type": "standard",
      "test_name": "Complete Blood Count ( CBC )",
      "test_count": 1,
      "revenue": 0
    },
    {
      "employee_id": "c867a6ef-206b-4c97-8ec0-87b5d1ad1694",
      "employee_name": "Santhosh C S",
      "test_type": "test",
      "test_name": "Kidney Function Test ( KFT) -  Basic",
      "test_count": 1,
      "revenue": 160
    },
    {
      "employee_id": "45b50d89-3c35-4028-a19b-1aae28920245",
      "employee_name": "Anoop murali",
      "test_type": "standard",
      "test_name": "Complete Blood Count",
      "test_count": 1,
      "revenue": 0
    },
    {
      "employee_id": "c867a6ef-206b-4c97-8ec0-87b5d1ad1694",
      "employee_name": "Santhosh C S",
      "test_type": "test",
      "test_name": "Magnesium",
      "test_count": 1,
      "revenue": 300
    },
    {
      "employee_id": "45b50d89-3c35-4028-a19b-1aae28920245",
      "employee_name": "Anoop murali",
      "test_type": "standard",
      "test_name": "Blood Smear ",
      "test_count": 1,
      "revenue": 0
    },
    {
      "employee_id": "45b50d89-3c35-4028-a19b-1aae28920245",
      "employee_name": "Anoop murali",
      "test_type": "panel",
      "test_name": "Basic Haemoparasite Panel ( Blood Smear + CBC )",
      "test_count": 1,
      "revenue": 350
    },
    {
      "employee_id": "c867a6ef-206b-4c97-8ec0-87b5d1ad1694",
      "employee_name": "Santhosh C S",
      "test_type": "test",
      "test_name": "Potassium Test For Cow",
      "test_count": 1,
      "revenue": 200
    },
    {
      "employee_id": "3d1adbb7-2768-4504-978d-7111f13eb09e",
      "employee_name": "Vignesh P P",
      "test_type": "test",
      "test_name": "Haemorrhagic Septicaemia PCR",
      "test_count": 1,
      "revenue": 800
    },
    {
      "employee_id": "3d1adbb7-2768-4504-978d-7111f13eb09e",
      "employee_name": "Vignesh P P",
      "test_type": "test",
      "test_name": "Faecal Sample Examination",
      "test_count": 1,
      "revenue": 150
    },
    {
      "employee_id": "3b5e2538-81d0-4485-9935-233f0f37aaa4",
      "employee_name": "Anu T Vincent",
      "test_type": "test",
      "test_name": "Tuberculosis (TB) PCR",
      "test_count": 1,
      "revenue": 800
    },
    {
      "employee_id": "3b5e2538-81d0-4485-9935-233f0f37aaa4",
      "employee_name": "Anu T Vincent",
      "test_type": "test",
      "test_name": "Sodium ",
      "test_count": 1,
      "revenue": 450
    },
    {
      "employee_id": "cf547e61-fa9c-4df7-9e2c-92cbb1602448",
      "employee_name": "Tenjish A",
      "test_type": "standard",
      "test_name": "Blood Smear",
      "test_count": 1,
      "revenue": 0
    },
    {
      "employee_id": "69525762-ed6e-4dda-91c2-b46752bf094d",
      "employee_name": "Jayan R",
      "test_type": "test",
      "test_name": "Trypanosoma PCR",
      "test_count": 1,
      "revenue": 800
    },
    {
      "employee_id": "3b5e2538-81d0-4485-9935-233f0f37aaa4",
      "employee_name": "Anu T Vincent",
      "test_type": "test",
      "test_name": "Potassium Test For Cow",
      "test_count": 1,
      "revenue": 200
    },
    {
      "employee_id": "3b5e2538-81d0-4485-9935-233f0f37aaa4",
      "employee_name": "Anu T Vincent",
      "test_type": "test",
      "test_name": "Potassium ",
      "test_count": 1,
      "revenue": 450
    },
    {
      "employee_id": "cf547e61-fa9c-4df7-9e2c-92cbb1602448",
      "employee_name": "Tenjish A",
      "test_type": "test",
      "test_name": "Blood Smear",
      "test_count": 1,
      "revenue": 200
    },
    {
      "employee_id": "cf547e61-fa9c-4df7-9e2c-92cbb1602448",
      "employee_name": "Tenjish A",
      "test_type": "test",
      "test_name": "Blood Smear ",
      "test_count": 1,
      "revenue": 250
    },
    {
      "employee_id": "3b5e2538-81d0-4485-9935-233f0f37aaa4",
      "employee_name": "Anu T Vincent",
      "test_type": "test",
      "test_name": "PCR Test For Canine Parvoviral Enteritis",
      "test_count": 1,
      "revenue": 800
    },
    {
      "employee_id": "ac20add5-f8b0-43d2-a923-9ef39806326b",
      "employee_name": "Sharon Das",
      "test_type": "standard",
      "test_name": "Peripheral Blood Smear",
      "test_count": 1,
      "revenue": 0
    },
    {
      "employee_id": "3b5e2538-81d0-4485-9935-233f0f37aaa4",
      "employee_name": "Anu T Vincent",
      "test_type": "test",
      "test_name": "Impression smear",
      "test_count": 1,
      "revenue": 550
    },
    {
      "employee_id": "cf547e61-fa9c-4df7-9e2c-92cbb1602448",
      "employee_name": "Tenjish A",
      "test_type": "test",
      "test_name": "Creatinine",
      "test_count": 1,
      "revenue": 300
    },
    {
      "employee_id": "cf547e61-fa9c-4df7-9e2c-92cbb1602448",
      "employee_name": "Tenjish A",
      "test_type": "test",
      "test_name": "Faecal Sample Examination",
      "test_count": 1,
      "revenue": 150
    },
    {
      "employee_id": "cf547e61-fa9c-4df7-9e2c-92cbb1602448",
      "employee_name": "Tenjish A",
      "test_type": "test",
      "test_name": "GGT",
      "test_count": 1,
      "revenue": 300
    },
    {
      "employee_id": "3b5e2538-81d0-4485-9935-233f0f37aaa4",
      "employee_name": "Anu T Vincent",
      "test_type": "test",
      "test_name": "Complete Blood Count ( CBC )",
      "test_count": 1,
      "revenue": 300
    },
    {
      "employee_id": "3b5e2538-81d0-4485-9935-233f0f37aaa4",
      "employee_name": "Anu T Vincent",
      "test_type": "test",
      "test_name": "Chloride ",
      "test_count": 1,
      "revenue": 450
    },
    {
      "employee_id": "cf547e61-fa9c-4df7-9e2c-92cbb1602448",
      "employee_name": "Tenjish A",
      "test_type": "test",
      "test_name": "Potassium Test For Cow",
      "test_count": 1,
      "revenue": 200
    },
    {
      "employee_id": "3b5e2538-81d0-4485-9935-233f0f37aaa4",
      "employee_name": "Anu T Vincent",
      "test_type": "test",
      "test_name": "Calcium ",
      "test_count": 1,
      "revenue": 100
    },
    {
      "employee_id": "487ae487-ea15-418d-83a4-1656b2519e54",
      "employee_name": "Alias Roy",
      "test_type": "test",
      "test_name": "Kidney Function Test ( KFT) -  Basic",
      "test_count": 1,
      "revenue": 160
    },
    {
      "employee_id": "487ae487-ea15-418d-83a4-1656b2519e54",
      "employee_name": "Alias Roy",
      "test_type": "test",
      "test_name": "Liver Function Test ( LFT ) - Basic",
      "test_count": 1,
      "revenue": 600
    },
    {
      "employee_id": "487ae487-ea15-418d-83a4-1656b2519e54",
      "employee_name": "Alias Roy",
      "test_type": "test",
      "test_name": "Potassium Test For Cow",
      "test_count": 1,
      "revenue": 200
    },
    {
      "employee_id": "487ae487-ea15-418d-83a4-1656b2519e54",
      "employee_name": "Alias Roy",
      "test_type": "test",
      "test_name": "Urine Examination",
      "test_count": 1,
      "revenue": 150
    },
    {
      "employee_id": "69525762-ed6e-4dda-91c2-b46752bf094d",
      "employee_name": "Jayan R",
      "test_type": "test",
      "test_name": "Liver Function Test (LFT) - Basic",
      "test_count": 1,
      "revenue": 300
    },
    {
      "employee_id": "69525762-ed6e-4dda-91c2-b46752bf094d",
      "employee_name": "Jayan R",
      "test_type": "test",
      "test_name": "Faecal Sample Examination",
      "test_count": 1,
      "revenue": 150
    },
    {
      "employee_id": "69525762-ed6e-4dda-91c2-b46752bf094d",
      "employee_name": "Jayan R",
      "test_type": "test",
      "test_name": "Complete Blood Count",
      "test_count": 1,
      "revenue": 250
    },
    {
      "employee_id": "c815b3fc-f016-42ef-a868-e4979151404b",
      "employee_name": "Vishnu M",
      "test_type": "test",
      "test_name": "Blood Smear ",
      "test_count": 1,
      "revenue": 250
    },
    {
      "employee_id": "69525762-ed6e-4dda-91c2-b46752bf094d",
      "employee_name": "Jayan R",
      "test_type": "test",
      "test_name": "Buffalo Pregnancy Check",
      "test_count": 1,
      "revenue": 500
    },
    {
      "employee_id": "69525762-ed6e-4dda-91c2-b46752bf094d",
      "employee_name": "Jayan R",
      "test_type": "standard",
      "test_name": "Microbiology - Culture and Sensitivity",
      "test_count": 1,
      "revenue": 0
    },
    {
      "employee_id": "69525762-ed6e-4dda-91c2-b46752bf094d",
      "employee_name": "Jayan R",
      "test_type": "standard",
      "test_name": "ANTIMICROBIAL AGENT - Culture and Sensitivity",
      "test_count": 1,
      "revenue": 0
    },
    {
      "employee_id": "69525762-ed6e-4dda-91c2-b46752bf094d",
      "employee_name": "Jayan R",
      "test_type": "panel",
      "test_name": "Culture and Sensitivity Test",
      "test_count": 1,
      "revenue": 550
    },
    {
      "employee_id": "c815b3fc-f016-42ef-a868-e4979151404b",
      "employee_name": "Vishnu M",
      "test_type": "test",
      "test_name": "Canine Thyroid Panel",
      "test_count": 1,
      "revenue": 1500
    },
    {
      "employee_id": "5f6fd970-94fc-4748-9162-bf754d929a17",
      "employee_name": "shinto",
      "test_type": "test",
      "test_name": "PCR Test For Mycoplasma",
      "test_count": 1,
      "revenue": 800
    },
    {
      "employee_id": "c815b3fc-f016-42ef-a868-e4979151404b",
      "employee_name": "Vishnu M",
      "test_type": "test",
      "test_name": "Complete Blood Count ( CBC )",
      "test_count": 1,
      "revenue": 300
    },
    {
      "employee_id": "5f6fd970-94fc-4748-9162-bf754d929a17",
      "employee_name": "shinto",
      "test_type": "test",
      "test_name": "Kidney Function Test ( KFT ) - Basic",
      "test_count": 1,
      "revenue": 300
    },
    {
      "employee_id": "5f6fd970-94fc-4748-9162-bf754d929a17",
      "employee_name": "shinto",
      "test_type": "test",
      "test_name": "Haemoprotozoan Panel -Advanced",
      "test_count": 1,
      "revenue": 3600
    },
    {
      "employee_id": "c815b3fc-f016-42ef-a868-e4979151404b",
      "employee_name": "Vishnu M",
      "test_type": "test",
      "test_name": "Creatinine ",
      "test_count": 1,
      "revenue": 100
    },
    {
      "employee_id": "5f6fd970-94fc-4748-9162-bf754d929a17",
      "employee_name": "shinto",
      "test_type": "test",
      "test_name": "Caprine Pregnancy Check",
      "test_count": 1,
      "revenue": 450
    },
    {
      "employee_id": "5f6fd970-94fc-4748-9162-bf754d929a17",
      "employee_name": "shinto",
      "test_type": "test",
      "test_name": "Canine Haemoparasite Molecular Test ( PCR )",
      "test_count": 1,
      "revenue": 2000
    },
    {
      "employee_id": "5f6fd970-94fc-4748-9162-bf754d929a17",
      "employee_name": "shinto",
      "test_type": "test",
      "test_name": "Bovine CBC",
      "test_count": 1,
      "revenue": 250
    },
    {
      "employee_id": "c815b3fc-f016-42ef-a868-e4979151404b",
      "employee_name": "Vishnu M",
      "test_type": "test",
      "test_name": "Kidney Function Test ( KFT)  - Advanced",
      "test_count": 1,
      "revenue": 300
    },
    {
      "employee_id": "5f6fd970-94fc-4748-9162-bf754d929a17",
      "employee_name": "shinto",
      "test_type": "test",
      "test_name": "Blood Smear ",
      "test_count": 1,
      "revenue": 250
    },
    {
      "employee_id": "5d15c54b-8883-45c0-924e-df324376e016",
      "employee_name": "Vinu Prasanth A",
      "test_type": "test",
      "test_name": "Sodium Test For Cow",
      "test_count": 1,
      "revenue": 200
    },
    {
      "employee_id": "5d15c54b-8883-45c0-924e-df324376e016",
      "employee_name": "Vinu Prasanth A",
      "test_type": "test",
      "test_name": "Liver Function Test (LFT) - Basic",
      "test_count": 1,
      "revenue": 300
    },
    {
      "employee_id": "c815b3fc-f016-42ef-a868-e4979151404b",
      "employee_name": "Vishnu M",
      "test_type": "test",
      "test_name": "Potassium Test For Cow",
      "test_count": 1,
      "revenue": 200
    },
    {
      "employee_id": "5d15c54b-8883-45c0-924e-df324376e016",
      "employee_name": "Vinu Prasanth A",
      "test_type": "standard",
      "test_name": "Microbiology - Culture and Sensitivity",
      "test_count": 1,
      "revenue": 0
    },
    {
      "employee_id": "c815b3fc-f016-42ef-a868-e4979151404b",
      "employee_name": "Vishnu M",
      "test_type": "test",
      "test_name": "Skin Scrapping",
      "test_count": 1,
      "revenue": 400
    },
    {
      "employee_id": "c815b3fc-f016-42ef-a868-e4979151404b",
      "employee_name": "Vishnu M",
      "test_type": "test",
      "test_name": "T3",
      "test_count": 1,
      "revenue": 400
    },
    {
      "employee_id": "c815b3fc-f016-42ef-a868-e4979151404b",
      "employee_name": "Vishnu M",
      "test_type": "test",
      "test_name": "T4",
      "test_count": 1,
      "revenue": 400
    },
    {
      "employee_id": "c815b3fc-f016-42ef-a868-e4979151404b",
      "employee_name": "Vishnu M",
      "test_type": "test",
      "test_name": "TSH",
      "test_count": 1,
      "revenue": 800
    },
    {
      "employee_id": "5d15c54b-8883-45c0-924e-df324376e016",
      "employee_name": "Vinu Prasanth A",
      "test_type": "standard",
      "test_name": "ANTIMICROBIAL AGENT - Culture and Sensitivity",
      "test_count": 1,
      "revenue": 0
    },
    {
      "employee_id": "5d15c54b-8883-45c0-924e-df324376e016",
      "employee_name": "Vinu Prasanth A",
      "test_type": "panel",
      "test_name": "Culture and Sensitivity Test",
      "test_count": 1,
      "revenue": 550
    },
    {
      "employee_id": "ff371fee-4653-4da4-ba6a-e4dbd1d29699",
      "employee_name": "Biotech",
      "test_type": "test",
      "test_name": "SGPT",
      "test_count": 1,
      "revenue": 200
    }
  ],
  "test_analysis": [
    {
      "test_type": "panel",
      "test_name": "Basic Haemoparasite Panel ( Blood Smear + CBC )",
      "test_count": 4466,
      "total_revenue": 1575350,
      "avg_price": 352.74294670846393,
      "first_test_date": "2025-05-09 06:32:34.714569",
      "last_test_date": "2025-11-25 12:01:27.487534"
    },
    {
      "test_type": "standard",
      "test_name": "Complete Blood Count",
      "test_count": 4202,
      "total_revenue": 0,
      "avg_price": 0.0,
      "first_test_date": "2025-05-21 09:28:36.638941",
      "last_test_date": "2025-11-25 12:01:27.487534"
    },
    {
      "test_type": "standard",
      "test_name": "Blood Smear ",
      "test_count": 3857,
      "total_revenue": 0,
      "avg_price": 0.0,
      "first_test_date": "2025-05-10 15:40:51.319620",
      "last_test_date": "2025-11-25 12:01:27.487534"
    },
    {
      "test_type": "test",
      "test_name": "Bovine Pregnancy Diagnosis",
      "test_count": 1823,
      "total_revenue": 797150,
      "avg_price": 437.2737246297312,
      "first_test_date": "2025-05-09 06:32:34.714569",
      "last_test_date": "2025-11-25 13:28:36.303220"
    },
    {
      "test_type": "test",
      "test_name": "Cow Calcium Test ",
      "test_count": 466,
      "total_revenue": 46600,
      "avg_price": 100.0,
      "first_test_date": "2025-05-22 08:10:07.686923",
      "last_test_date": "2025-11-25 09:10:57.357057"
    },
    {
      "test_type": "standard",
      "test_name": "Complete Blood Count ( CBC )",
      "test_count": 290,
      "total_revenue": 0,
      "avg_price": 0.0,
      "first_test_date": "2025-05-29 08:42:46.761729",
      "last_test_date": "2025-11-25 10:46:48.403424"
    },
    {
      "test_type": "test",
      "test_name": "Phosphorus Test For Cow ",
      "test_count": 277,
      "total_revenue": 27700,
      "avg_price": 100.0,
      "first_test_date": "2025-05-22 08:10:07.686923",
      "last_test_date": "2025-11-25 09:09:03.451045"
    },
    {
      "test_type": "standard",
      "test_name": "Peripheral Blood Smear",
      "test_count": 239,
      "total_revenue": 0,
      "avg_price": 0.0,
      "first_test_date": "2025-05-29 08:42:46.761729",
      "last_test_date": "2025-11-25 10:46:48.403424"
    },
    {
      "test_type": "test",
      "test_name": "Caprine Pregnancy Check",
      "test_count": 207,
      "total_revenue": 102650,
      "avg_price": 495.8937198067633,
      "first_test_date": "2025-05-12 10:54:29.854218",
      "last_test_date": "2025-11-23 21:42:22.009458"
    },
    {
      "test_type": "test",
      "test_name": "Glucose Test For Cow",
      "test_count": 175,
      "total_revenue": 17500,
      "avg_price": 100.0,
      "first_test_date": "2025-05-27 07:11:20.595987",
      "last_test_date": "2025-11-25 10:43:31.849592"
    },
    {
      "test_type": "test",
      "test_name": "Faecal Sample Examination",
      "test_count": 170,
      "total_revenue": 26250,
      "avg_price": 154.41176470588235,
      "first_test_date": "2025-06-19 05:02:52.578159",
      "last_test_date": "2025-11-25 11:27:04.983864"
    },
    {
      "test_type": "test",
      "test_name": " Brucellosis PCR",
      "test_count": 141,
      "total_revenue": 140800,
      "avg_price": 998.581560283688,
      "first_test_date": "2025-07-02 05:21:51.095506",
      "last_test_date": "2025-11-22 11:24:05.579686"
    },
    {
      "test_type": "test",
      "test_name": "Liver Function Test (LFT) - Basic",
      "test_count": 124,
      "total_revenue": 37200,
      "avg_price": 300.0,
      "first_test_date": "2025-05-15 16:04:43.831580",
      "last_test_date": "2025-11-25 12:01:27.487534"
    },
    {
      "test_type": "standard",
      "test_name": "Blood Smear",
      "test_count": 114,
      "total_revenue": 0,
      "avg_price": 0.0,
      "first_test_date": "2025-07-09 04:23:27.284742",
      "last_test_date": "2025-11-24 08:22:29.473701"
    },
    {
      "test_type": "test",
      "test_name": "Magnesium",
      "test_count": 109,
      "total_revenue": 29700,
      "avg_price": 272.4770642201835,
      "first_test_date": "2025-05-26 05:20:57.449753",
      "last_test_date": "2025-11-24 10:34:09.759857"
    },
    {
      "test_type": "panel",
      "test_name": "Culture and Sensitivity Test",
      "test_count": 77,
      "total_revenue": 42350,
      "avg_price": 550.0,
      "first_test_date": "2025-07-27 13:37:43.444290",
      "last_test_date": "2025-11-25 10:10:34.600127"
    },
    {
      "test_type": "test",
      "test_name": "Liver Function Test ( LFT ) - Basic",
      "test_count": 70,
      "total_revenue": 42000,
      "avg_price": 600.0,
      "first_test_date": "2025-06-02 09:58:57.603471",
      "last_test_date": "2025-11-21 11:31:38.578021"
    },
    {
      "test_type": "standard",
      "test_name": "ANTIMICROBIAL AGENT - Culture and Sensitivity",
      "test_count": 67,
      "total_revenue": 0,
      "avg_price": 0.0,
      "first_test_date": "2025-07-27 13:37:43.444290",
      "last_test_date": "2025-11-18 08:12:21.546427"
    },
    {
      "test_type": "standard",
      "test_name": "Microbiology - Culture and Sensitivity",
      "test_count": 67,
      "total_revenue": 0,
      "avg_price": 0.0,
      "first_test_date": "2025-07-27 13:37:43.444290",
      "last_test_date": "2025-11-18 08:12:21.546427"
    },
    {
      "test_type": "test",
      "test_name": "Complete Blood Count",
      "test_count": 67,
      "total_revenue": 18350,
      "avg_price": 273.8805970149254,
      "first_test_date": "2025-05-15 17:04:44.290496",
      "last_test_date": "2025-11-25 06:22:01.087162"
    },
    {
      "test_type": "test",
      "test_name": "Kidney Function Test ( KFT ) - Basic",
      "test_count": 58,
      "total_revenue": 17400,
      "avg_price": 300.0,
      "first_test_date": "2025-05-12 10:54:29.854218",
      "last_test_date": "2025-11-25 00:07:51.634311"
    },
    {
      "test_type": "test",
      "test_name": "Liver Function Test (LFT) - Advanced",
      "test_count": 54,
      "total_revenue": 36000,
      "avg_price": 666.6666666666666,
      "first_test_date": "2025-05-09 06:32:34.714569",
      "last_test_date": "2025-11-18 03:28:03.477430"
    },
    {
      "test_type": "test",
      "test_name": "Canine Haemoparasite Molecular Test ( PCR )",
      "test_count": 47,
      "total_revenue": 94000,
      "avg_price": 2000.0,
      "first_test_date": "2025-05-09 06:32:34.714569",
      "last_test_date": "2025-11-14 07:32:30.598699"
    },
    {
      "test_type": "test",
      "test_name": "Creatinine",
      "test_count": 42,
      "total_revenue": 12000,
      "avg_price": 285.7142857142857,
      "first_test_date": "2025-07-23 12:28:38.284331",
      "last_test_date": "2025-11-22 08:36:38.846594"
    },
    {
      "test_type": "",
      "test_name": "Unknown",
      "test_count": 38,
      "total_revenue": 0,
      "avg_price": 0.0,
      "first_test_date": "2025-05-09 06:32:34.714569",
      "last_test_date": "2025-05-09 06:32:34.714569"
    },
    {
      "test_type": "test",
      "test_name": "Kidney Function Test ( KFT)  - Advanced",
      "test_count": 36,
      "total_revenue": 9050,
      "avg_price": 251.38888888888889,
      "first_test_date": "2025-07-07 12:39:44.755019",
      "last_test_date": "2025-11-18 03:28:03.477430"
    },
    {
      "test_type": "Unknown",
      "test_name": "Bovine Pregnancy Diagnosis",
      "test_count": 36,
      "total_revenue": 1432,
      "avg_price": 39.77777777777778,
      "first_test_date": "2025-03-24 06:34:54.942549",
      "last_test_date": "2025-05-31 08:25:27.679274"
    },
    {
      "test_type": "test",
      "test_name": "Buffalo Pregnancy Check",
      "test_count": 35,
      "total_revenue": 17200,
      "avg_price": 491.42857142857144,
      "first_test_date": "2025-06-05 12:34:07.996828",
      "last_test_date": "2025-11-06 06:35:47.817101"
    },
    {
      "test_type": "test",
      "test_name": "Potassium Test For Cow",
      "test_count": 32,
      "total_revenue": 6400,
      "avg_price": 200.0,
      "first_test_date": "2025-05-26 05:44:42.661580",
      "last_test_date": "2025-11-18 03:28:03.477430"
    },
    {
      "test_type": "test",
      "test_name": "Urine Examination",
      "test_count": 30,
      "total_revenue": 4500,
      "avg_price": 150.0,
      "first_test_date": "2025-06-23 09:50:16.959804",
      "last_test_date": "2025-11-24 10:34:09.759857"
    },
    {
      "test_type": "test",
      "test_name": "Peripheral Blood Smear",
      "test_count": 26,
      "total_revenue": 7800,
      "avg_price": 300.0,
      "first_test_date": "2025-05-30 08:15:04.172441",
      "last_test_date": "2025-11-04 12:10:37.221464"
    },
    {
      "test_type": "test",
      "test_name": "Bovine Haemoparasite Molecular Maxi Panel",
      "test_count": 22,
      "total_revenue": 22000,
      "avg_price": 1000.0,
      "first_test_date": "2025-06-05 05:58:03.795267",
      "last_test_date": "2025-11-01 14:08:58.266376"
    },
    {
      "test_type": "test",
      "test_name": "Calcium ",
      "test_count": 21,
      "total_revenue": 2100,
      "avg_price": 100.0,
      "first_test_date": "2025-06-18 15:02:09.788262",
      "last_test_date": "2025-11-21 05:33:39.469270"
    },
    {
      "test_type": "test",
      "test_name": "Lipid Profile",
      "test_count": 19,
      "total_revenue": 7600,
      "avg_price": 400.0,
      "first_test_date": "2025-09-03 12:50:35.468823",
      "last_test_date": "2025-09-19 10:46:35.965326"
    },
    {
      "test_type": "standard",
      "test_name": "Bovine CBC",
      "test_count": 19,
      "total_revenue": 0,
      "avg_price": 0.0,
      "first_test_date": "2025-05-10 15:40:51.319620",
      "last_test_date": "2025-05-20 09:58:04.825364"
    },
    {
      "test_type": "test",
      "test_name": "Insulin",
      "test_count": 19,
      "total_revenue": 11400,
      "avg_price": 600.0,
      "first_test_date": "2025-09-03 12:50:35.468823",
      "last_test_date": "2025-09-19 10:46:35.965326"
    },
    {
      "test_type": "test",
      "test_name": "Phosphorous",
      "test_count": 19,
      "total_revenue": 1900,
      "avg_price": 100.0,
      "first_test_date": "2025-06-18 15:02:09.788262",
      "last_test_date": "2025-11-21 05:33:39.469270"
    },
    {
      "test_type": "test",
      "test_name": "Blood Smear ",
      "test_count": 15,
      "total_revenue": 3750,
      "avg_price": 250.0,
      "first_test_date": "2025-05-17 05:14:51.371380",
      "last_test_date": "2025-11-12 10:12:29.838299"
    },
    {
      "test_type": "test",
      "test_name": "PCR Test For Leptospirosis",
      "test_count": 14,
      "total_revenue": 11200,
      "avg_price": 800.0,
      "first_test_date": "2025-05-28 09:02:17.306140",
      "last_test_date": "2025-11-25 10:07:56.382339"
    },
    {
      "test_type": "test",
      "test_name": "Sodium Test For Cow",
      "test_count": 14,
      "total_revenue": 2800,
      "avg_price": 200.0,
      "first_test_date": "2025-05-31 09:18:24.790369",
      "last_test_date": "2025-10-13 06:52:04.175051"
    },
    {
      "test_type": "test",
      "test_name": "Complete Blood Count ( CBC )",
      "test_count": 13,
      "total_revenue": 3900,
      "avg_price": 300.0,
      "first_test_date": "2025-05-09 06:32:34.714569",
      "last_test_date": "2025-11-14 03:17:22.771554"
    },
    {
      "test_type": "test",
      "test_name": "Kidney Function Test ( KFT) -  Basic",
      "test_count": 13,
      "total_revenue": 2080,
      "avg_price": 160.0,
      "first_test_date": "2025-07-16 07:55:00.745660",
      "last_test_date": "2025-11-14 10:58:42.455349"
    },
    {
      "test_type": "test",
      "test_name": "Ehrlichia canis PCR",
      "test_count": 12,
      "total_revenue": 9600,
      "avg_price": 800.0,
      "first_test_date": "2025-08-04 11:49:29.993129",
      "last_test_date": "2025-11-15 08:59:20.158441"
    },
    {
      "test_type": "test",
      "test_name": "Canine Thyroid Panel",
      "test_count": 11,
      "total_revenue": 16500,
      "avg_price": 1500.0,
      "first_test_date": "2025-07-04 11:56:23.795826",
      "last_test_date": "2025-10-24 05:48:00.398410"
    },
    {
      "test_type": "test",
      "test_name": "Faecal Test Advanced ",
      "test_count": 10,
      "total_revenue": 3000,
      "avg_price": 300.0,
      "first_test_date": "2025-09-10 07:20:44.377741",
      "last_test_date": "2025-11-17 07:14:11.350085"
    },
    {
      "test_type": "test",
      "test_name": "Kidney Function Test ( KFT ) -  Advanced ",
      "test_count": 10,
      "total_revenue": 6000,
      "avg_price": 600.0,
      "first_test_date": "2025-06-06 10:00:16.719180",
      "last_test_date": "2025-11-01 10:35:27.505875"
    },
    {
      "test_type": "Unknown",
      "test_name": "Basic Haemoparasite Panel ( Blood Smear + CBC )",
      "test_count": 8,
      "total_revenue": 2800,
      "avg_price": 350.0,
      "first_test_date": "2025-06-27 12:05:25.009101",
      "last_test_date": "2025-06-30 18:10:58.205995"
    },
    {
      "test_type": "test",
      "test_name": "Blood Smear",
      "test_count": 8,
      "total_revenue": 1600,
      "avg_price": 200.0,
      "first_test_date": "2025-07-10 02:12:17.755091",
      "last_test_date": "2025-11-18 05:35:10.130050"
    },
    {
      "test_type": "test",
      "test_name": "Babesia gibsoni",
      "test_count": 8,
      "total_revenue": 6400,
      "avg_price": 800.0,
      "first_test_date": "2025-07-07 07:35:12.585669",
      "last_test_date": "2025-11-15 08:59:20.158441"
    },
    {
      "test_type": "test",
      "test_name": "GGT",
      "test_count": 8,
      "total_revenue": 2400,
      "avg_price": 300.0,
      "first_test_date": "2025-07-21 10:21:55.022718",
      "last_test_date": "2025-11-03 11:44:50.932559"
    },
    {
      "test_type": "test",
      "test_name": "Haemorrhagic Septicaemia PCR",
      "test_count": 7,
      "total_revenue": 5600,
      "avg_price": 800.0,
      "first_test_date": "2025-06-06 08:53:54.873817",
      "last_test_date": "2025-11-17 06:47:41.767051"
    },
    {
      "test_type": "test",
      "test_name": "Total T4",
      "test_count": 6,
      "total_revenue": 2400,
      "avg_price": 400.0,
      "first_test_date": "2025-07-02 13:51:35.367317",
      "last_test_date": "2025-10-25 10:34:22.744599"
    },
    {
      "test_type": "test",
      "test_name": "dd",
      "test_count": 6,
      "total_revenue": 18,
      "avg_price": 3.0,
      "first_test_date": "2025-10-19 11:57:48.630416",
      "last_test_date": "2025-11-24 10:07:03.894650"
    },
    {
      "test_type": "test",
      "test_name": "A1A2 Qualitative Test",
      "test_count": 6,
      "total_revenue": 4800,
      "avg_price": 800.0,
      "first_test_date": "2025-07-17 07:11:40.890479",
      "last_test_date": "2025-09-10 05:19:05.059580"
    },
    {
      "test_type": "test",
      "test_name": "Progesterone, P4",
      "test_count": 5,
      "total_revenue": 3250,
      "avg_price": 650.0,
      "first_test_date": "2025-07-30 08:05:21.817092",
      "last_test_date": "2025-11-19 06:49:49.706096"
    },
    {
      "test_type": "test",
      "test_name": "PCR Test For Rabies",
      "test_count": 4,
      "total_revenue": 4000,
      "avg_price": 1000.0,
      "first_test_date": "2025-05-12 10:30:22.517090",
      "last_test_date": "2025-09-20 09:41:01.195377"
    },
    {
      "test_type": "test",
      "test_name": "Skin Scrapping",
      "test_count": 4,
      "total_revenue": 1600,
      "avg_price": 400.0,
      "first_test_date": "2025-08-23 11:54:36.694440",
      "last_test_date": "2025-11-21 05:32:16.406771"
    },
    {
      "test_type": "Unknown",
      "test_name": "Caprine Pregnancy Check",
      "test_count": 4,
      "total_revenue": 4,
      "avg_price": 1.0,
      "first_test_date": "2025-04-08 05:48:54.257762",
      "last_test_date": "2025-04-12 10:25:19.391409"
    },
    {
      "test_type": "test",
      "test_name": "Babesia vogeli",
      "test_count": 4,
      "total_revenue": 3200,
      "avg_price": 800.0,
      "first_test_date": "2025-07-26 15:03:13.624960",
      "last_test_date": "2025-08-19 02:13:55.841289"
    },
    {
      "test_type": "test",
      "test_name": "Exfoliative Vaginal Cytology, EVC",
      "test_count": 4,
      "total_revenue": 2050,
      "avg_price": 512.5,
      "first_test_date": "2025-08-08 08:35:11.217668",
      "last_test_date": "2025-10-25 06:10:19.702287"
    },
    {
      "test_type": "test",
      "test_name": "Haemoprotozoan Panel -Advanced",
      "test_count": 4,
      "total_revenue": 14400,
      "avg_price": 3600.0,
      "first_test_date": "2025-05-14 07:37:29.780202",
      "last_test_date": "2025-05-21 19:28:33.838950"
    },
    {
      "test_type": "test",
      "test_name": "Atropic Rhinitis",
      "test_count": 3,
      "total_revenue": 3600,
      "avg_price": 1200.0,
      "first_test_date": "2025-07-02 11:53:29.105506",
      "last_test_date": "2025-07-30 04:39:05.555941"
    },
    {
      "test_type": "test",
      "test_name": "Phosphorus",
      "test_count": 3,
      "total_revenue": 400,
      "avg_price": 133.33333333333334,
      "first_test_date": "2025-09-01 09:13:14.026491",
      "last_test_date": "2025-10-29 15:20:15.156817"
    },
    {
      "test_type": "Unknown",
      "test_name": "Ovine Pregnancy Check",
      "test_count": 3,
      "total_revenue": 3,
      "avg_price": 1.0,
      "first_test_date": "2025-04-08 05:48:54.257762",
      "last_test_date": "2025-04-12 09:31:07.098080"
    },
    {
      "test_type": "test",
      "test_name": "Classical Swine Fever",
      "test_count": 3,
      "total_revenue": 3600,
      "avg_price": 1200.0,
      "first_test_date": "2025-07-02 11:53:29.105506",
      "last_test_date": "2025-07-30 04:39:05.555941"
    },
    {
      "test_type": "standard",
      "test_name": "Bovine Haemoparasite Molecular Maxi Panel",
      "test_count": 3,
      "total_revenue": 0,
      "avg_price": 0.0,
      "first_test_date": "2025-10-16 09:08:30.765785",
      "last_test_date": "2025-11-03 11:22:44.934513"
    },
    {
      "test_type": "test",
      "test_name": " Urea Nitrogen",
      "test_count": 3,
      "total_revenue": 300,
      "avg_price": 100.0,
      "first_test_date": "2025-09-10 11:36:48.948227",
      "last_test_date": "2025-09-10 11:36:48.948227"
    },
    {
      "test_type": "test",
      "test_name": "Kidney Function Test ( KFT) ",
      "test_count": 3,
      "total_revenue": 900,
      "avg_price": 300.0,
      "first_test_date": "2025-10-06 03:53:11.784012",
      "last_test_date": "2025-11-22 07:03:33.046721"
    },
    {
      "test_type": "panel",
      "test_name": "Bovine Haemoparasite Molecular Maxi panel ( CBC +BS )",
      "test_count": 3,
      "total_revenue": 3600,
      "avg_price": 1200.0,
      "first_test_date": "2025-10-16 09:08:30.765785",
      "last_test_date": "2025-11-03 11:22:44.934513"
    },
    {
      "test_type": "test",
      "test_name": "Creatinine ",
      "test_count": 3,
      "total_revenue": 300,
      "avg_price": 100.0,
      "first_test_date": "2025-07-10 15:24:43.099515",
      "last_test_date": "2025-10-15 07:28:31.045522"
    },
    {
      "test_type": "test",
      "test_name": "Babesia canis  PCR",
      "test_count": 3,
      "total_revenue": 2400,
      "avg_price": 800.0,
      "first_test_date": "2025-06-25 15:04:40.746634",
      "last_test_date": "2025-11-15 08:59:20.158441"
    },
    {
      "test_type": "test",
      "test_name": "Calcium",
      "test_count": 3,
      "total_revenue": 400,
      "avg_price": 133.33333333333334,
      "first_test_date": "2025-09-01 09:13:14.026491",
      "last_test_date": "2025-10-29 15:20:15.156817"
    },
    {
      "test_type": "test",
      "test_name": "FNAC",
      "test_count": 3,
      "total_revenue": 1800,
      "avg_price": 600.0,
      "first_test_date": "2025-10-30 05:29:10.180969",
      "last_test_date": "2025-11-11 08:08:27.157239"
    },
    {
      "test_type": "test",
      "test_name": "Microbiology - Culture and Sensitivity",
      "test_count": 2,
      "total_revenue": 1600,
      "avg_price": 800.0,
      "first_test_date": "2025-08-11 18:02:53.459258",
      "last_test_date": "2025-08-12 02:23:08.176345"
    },
    {
      "test_type": "test",
      "test_name": "SGPT",
      "test_count": 2,
      "total_revenue": 400,
      "avg_price": 200.0,
      "first_test_date": "2025-11-12 10:53:36.083540",
      "last_test_date": "2025-11-22 08:36:38.846594"
    },
    {
      "test_type": "Unknown",
      "test_name": "dd",
      "test_count": 2,
      "total_revenue": 6,
      "avg_price": 3.0,
      "first_test_date": "2025-04-19 03:46:08.181419",
      "last_test_date": "2025-04-19 04:16:21.729062"
    },
    {
      "test_type": "test",
      "test_name": "FMD PCR",
      "test_count": 2,
      "total_revenue": 2000,
      "avg_price": 1000.0,
      "first_test_date": "2025-07-02 11:53:29.105506",
      "last_test_date": "2025-07-02 11:53:29.105506"
    },
    {
      "test_type": "test",
      "test_name": "Babesia felis PCR",
      "test_count": 2,
      "total_revenue": 1600,
      "avg_price": 800.0,
      "first_test_date": "2025-07-26 06:38:32.006150",
      "last_test_date": "2025-09-02 08:09:17.441588"
    },
    {
      "test_type": "test",
      "test_name": "Trypanosoma PCR",
      "test_count": 2,
      "total_revenue": 1600,
      "avg_price": 800.0,
      "first_test_date": "2025-07-04 13:46:50.175059",
      "last_test_date": "2025-11-04 10:56:17.400750"
    },
    {
      "test_type": "test",
      "test_name": "Tuberculosis (TB) PCR",
      "test_count": 2,
      "total_revenue": 1600,
      "avg_price": 800.0,
      "first_test_date": "2025-10-09 14:36:30.402833",
      "last_test_date": "2025-11-04 04:24:18.398020"
    },
    {
      "test_type": "test",
      "test_name": "PCR Test For Canine Parvoviral Enteritis",
      "test_count": 2,
      "total_revenue": 1600,
      "avg_price": 800.0,
      "first_test_date": "2025-06-24 09:16:34.806433",
      "last_test_date": "2025-11-06 14:16:39.330244"
    },
    {
      "test_type": "test",
      "test_name": "Anaplasma platys PCR",
      "test_count": 2,
      "total_revenue": 1600,
      "avg_price": 800.0,
      "first_test_date": "2025-08-04 11:49:29.993129",
      "last_test_date": "2025-08-19 02:13:55.841289"
    },
    {
      "test_type": "test",
      "test_name": "corticosterone",
      "test_count": 2,
      "total_revenue": 600,
      "avg_price": 300.0,
      "first_test_date": "2025-07-23 14:05:25.110319",
      "last_test_date": "2025-07-23 15:25:10.055374"
    },
    {
      "test_type": "Unknown",
      "test_name": "Liver Function Test (LFT) - Advanced",
      "test_count": 2,
      "total_revenue": 1600,
      "avg_price": 800.0,
      "first_test_date": "2025-05-08 10:37:04.498474",
      "last_test_date": "2025-05-08 13:23:45.143418"
    },
    {
      "test_type": "test",
      "test_name": "Potassium ",
      "test_count": 1,
      "total_revenue": 450,
      "avg_price": 450.0,
      "first_test_date": "2025-11-21 08:15:13.589732",
      "last_test_date": "2025-11-21 08:15:13.589732"
    },
    {
      "test_type": "Unknown",
      "test_name": "Bovine CBC",
      "test_count": 1,
      "total_revenue": 250,
      "avg_price": 250.0,
      "first_test_date": "2025-05-07 17:02:24.591809",
      "last_test_date": "2025-05-07 17:02:24.591809"
    },
    {
      "test_type": "test",
      "test_name": "TSH",
      "test_count": 1,
      "total_revenue": 800,
      "avg_price": 800.0,
      "first_test_date": "2025-10-20 07:22:42.466106",
      "last_test_date": "2025-10-20 07:22:42.466106"
    },
    {
      "test_type": "test",
      "test_name": "SGOT",
      "test_count": 1,
      "total_revenue": 200,
      "avg_price": 200.0,
      "first_test_date": "2025-11-12 10:53:36.083540",
      "last_test_date": "2025-11-12 10:53:36.083540"
    },
    {
      "test_type": "test",
      "test_name": "T4",
      "test_count": 1,
      "total_revenue": 400,
      "avg_price": 400.0,
      "first_test_date": "2025-10-18 11:21:40.563154",
      "last_test_date": "2025-10-18 11:21:40.563154"
    },
    {
      "test_type": "test",
      "test_name": "Skin scrapping ",
      "test_count": 1,
      "total_revenue": 350,
      "avg_price": 350.0,
      "first_test_date": "2025-10-18 13:48:55.847639",
      "last_test_date": "2025-10-18 13:48:55.847639"
    },
    {
      "test_type": "test",
      "test_name": "Skin scrapping test",
      "test_count": 1,
      "total_revenue": 350,
      "avg_price": 350.0,
      "first_test_date": "2025-08-25 05:30:52.466450",
      "last_test_date": "2025-08-25 05:30:52.466450"
    },
    {
      "test_type": "test",
      "test_name": "Sodium ",
      "test_count": 1,
      "total_revenue": 450,
      "avg_price": 450.0,
      "first_test_date": "2025-11-21 08:15:13.589732",
      "last_test_date": "2025-11-21 08:15:13.589732"
    },
    {
      "test_type": "Unknown",
      "test_name": "Complete Blood Count ( CBC )",
      "test_count": 1,
      "total_revenue": 300,
      "avg_price": 300.0,
      "first_test_date": "2025-05-08 13:23:45.143418",
      "last_test_date": "2025-05-08 13:23:45.143418"
    },
    {
      "test_type": "Unknown",
      "test_name": "PCR Test For Mycoplasma",
      "test_count": 1,
      "total_revenue": 800,
      "avg_price": 800.0,
      "first_test_date": "2025-05-07 08:19:52.161634",
      "last_test_date": "2025-05-07 08:19:52.161634"
    },
    {
      "test_type": "test",
      "test_name": "Testosterone Test",
      "test_count": 1,
      "total_revenue": 800,
      "avg_price": 800.0,
      "first_test_date": "2025-09-23 10:46:11.867002",
      "last_test_date": "2025-09-23 10:46:11.867002"
    },
    {
      "test_type": "test",
      "test_name": "T3",
      "test_count": 1,
      "total_revenue": 400,
      "avg_price": 400.0,
      "first_test_date": "2025-10-18 11:21:40.563154",
      "last_test_date": "2025-10-18 11:21:40.563154"
    },
    {
      "test_type": "test",
      "test_name": "Chloride ",
      "test_count": 1,
      "total_revenue": 450,
      "avg_price": 450.0,
      "first_test_date": "2025-11-21 08:15:13.589732",
      "last_test_date": "2025-11-21 08:15:13.589732"
    },
    {
      "test_type": "Unknown",
      "test_name": "PCR Test For Rabies",
      "test_count": 1,
      "total_revenue": 1000,
      "avg_price": 1000.0,
      "first_test_date": "2025-05-10 02:13:08.617817",
      "last_test_date": "2025-05-10 02:13:08.617817"
    },
    {
      "test_type": "test",
      "test_name": "Hepatozoon felis",
      "test_count": 1,
      "total_revenue": 800,
      "avg_price": 800.0,
      "first_test_date": "2025-09-02 08:09:17.441588",
      "last_test_date": "2025-09-02 08:09:17.441588"
    },
    {
      "test_type": "test",
      "test_name": "Canine Distemper  PCR",
      "test_count": 1,
      "total_revenue": 1200,
      "avg_price": 1200.0,
      "first_test_date": "2025-08-05 15:45:47.512893",
      "last_test_date": "2025-08-05 15:45:47.512893"
    },
    {
      "test_type": "test",
      "test_name": "Brucellosis PCR",
      "test_count": 1,
      "total_revenue": 1000,
      "avg_price": 1000.0,
      "first_test_date": "2025-09-22 12:04:52.151198",
      "last_test_date": "2025-09-22 12:04:52.151198"
    },
    {
      "test_type": "test",
      "test_name": "Brcuella PCR",
      "test_count": 1,
      "total_revenue": 800,
      "avg_price": 800.0,
      "first_test_date": "2025-06-22 03:40:22.909181",
      "last_test_date": "2025-06-22 03:40:22.909181"
    },
    {
      "test_type": "test",
      "test_name": "Bovine CBC",
      "test_count": 1,
      "total_revenue": 250,
      "avg_price": 250.0,
      "first_test_date": "2025-05-10 15:40:51.319620",
      "last_test_date": "2025-05-10 15:40:51.319620"
    },
    {
      "test_type": "test",
      "test_name": "Cytauxzoon felis PCR",
      "test_count": 1,
      "total_revenue": 800,
      "avg_price": 800.0,
      "first_test_date": "2025-09-02 08:09:17.441588",
      "last_test_date": "2025-09-02 08:09:17.441588"
    },
    {
      "test_type": "test",
      "test_name": "Babesia cati",
      "test_count": 1,
      "total_revenue": 800,
      "avg_price": 800.0,
      "first_test_date": "2025-09-02 08:09:17.441588",
      "last_test_date": "2025-09-02 08:09:17.441588"
    },
    {
      "test_type": "test",
      "test_name": "Globulin ",
      "test_count": 1,
      "total_revenue": 200,
      "avg_price": 200.0,
      "first_test_date": "2025-11-12 10:53:36.083540",
      "last_test_date": "2025-11-12 10:53:36.083540"
    },
    {
      "test_type": "test",
      "test_name": "Glucose",
      "test_count": 1,
      "total_revenue": 200,
      "avg_price": 200.0,
      "first_test_date": "2025-10-15 11:49:12.277625",
      "last_test_date": "2025-10-15 11:49:12.277625"
    },
    {
      "test_type": "test",
      "test_name": "Hepatozoon canis",
      "test_count": 1,
      "total_revenue": 800,
      "avg_price": 800.0,
      "first_test_date": "2025-08-19 02:13:55.841289",
      "last_test_date": "2025-08-19 02:13:55.841289"
    },
    {
      "test_type": "test",
      "test_name": "Impression smear",
      "test_count": 1,
      "total_revenue": 550,
      "avg_price": 550.0,
      "first_test_date": "2025-10-18 13:48:55.847639",
      "last_test_date": "2025-10-18 13:48:55.847639"
    },
    {
      "test_type": "test",
      "test_name": "PCR Test For Mycoplasma",
      "test_count": 1,
      "total_revenue": 800,
      "avg_price": 800.0,
      "first_test_date": "2025-05-14 05:41:59.650328",
      "last_test_date": "2025-05-14 05:41:59.650328"
    },
    {
      "test_type": "test",
      "test_name": "Amylase",
      "test_count": 1,
      "total_revenue": 550,
      "avg_price": 550.0,
      "first_test_date": "2025-09-22 10:22:58.615425",
      "last_test_date": "2025-09-22 10:22:58.615425"
    },
    {
      "test_type": "test",
      "test_name": "Albumin ",
      "test_count": 1,
      "total_revenue": 200,
      "avg_price": 200.0,
      "first_test_date": "2025-11-12 10:53:36.083540",
      "last_test_date": "2025-11-12 10:53:36.083540"
    },
    {
      "test_type": "standard",
      "test_name": "Unknown",
      "test_count": 1,
      "total_revenue": 0,
      "avg_price": 0.0,
      "first_test_date": "2025-05-10 15:40:51.319620",
      "last_test_date": "2025-05-10 15:40:51.319620"
    },
    {
      "test_type": "test",
      "test_name": "Lipase",
      "test_count": 1,
      "total_revenue": 650,
      "avg_price": 650.0,
      "first_test_date": "2025-09-22 10:22:58.615425",
      "last_test_date": "2025-09-22 10:22:58.615425"
    },
    {
      "test_type": "standard",
      "test_name": "CBC",
      "test_count": 1,
      "total_revenue": 0,
      "avg_price": 0.0,
      "first_test_date": "2025-11-22 07:03:33.046721",
      "last_test_date": "2025-11-22 07:03:33.046721"
    },
    {
      "test_type": "panel",
      "test_name": "Basic Panel CBC + BS",
      "test_count": 1,
      "total_revenue": 400,
      "avg_price": 400.0,
      "first_test_date": "2025-11-22 07:03:33.046721",
      "last_test_date": "2025-11-22 07:03:33.046721"
    },
    {
      "test_type": "test",
      "test_name": "Mycoplasma haemofelis  PCR",
      "test_count": 1,
      "total_revenue": 800,
      "avg_price": 800.0,
      "first_test_date": "2025-07-26 06:38:32.006150",
      "last_test_date": "2025-07-26 06:38:32.006150"
    },
    {
      "test_type": "test",
      "test_name": "PCR Test For Canine Distemper",
      "test_count": 1,
      "total_revenue": 1200,
      "avg_price": 1200.0,
      "first_test_date": "2025-08-04 15:11:14.171055",
      "last_test_date": "2025-08-04 15:11:14.171055"
    },
    {
      "test_type": "Unknown",
      "test_name": "Potassium Test For Cow",
      "test_count": 1,
      "total_revenue": 200,
      "avg_price": 200.0,
      "first_test_date": "2025-05-11 06:55:02.074308",
      "last_test_date": "2025-05-11 06:55:02.074308"
    },
    {
      "test_type": "test",
      "test_name": "Culture and Sensitivity Test",
      "test_count": 1,
      "total_revenue": 550,
      "avg_price": 550.0,
      "first_test_date": "2025-08-26 04:20:52.090224",
      "last_test_date": "2025-08-26 04:20:52.090224"
    }
  ],
  "species_analysis": [
    {
      "species": "Cow",
      "total_cases": 6368,
      "total_revenue": 6702521.0,
      "avg_revenue_per_case": 1052.5315640703518
    },
    {
      "species": "Dog",
      "total_cases": 388,
      "total_revenue": 392850.0,
      "avg_revenue_per_case": 1012.5
    },
    {
      "species": "Goat",
      "total_cases": 289,
      "total_revenue": 245855.0,
      "avg_revenue_per_case": 850.7093425605536
    },
    {
      "species": "Buffalo",
      "total_cases": 132,
      "total_revenue": 153800.0,
      "avg_revenue_per_case": 1165.1515151515152
    },
    {
      "species": "Rat",
      "total_cases": 54,
      "total_revenue": 250900.0,
      "avg_revenue_per_case": 4646.2962962962965
    },
    {
      "species": "Cat",
      "total_cases": 20,
      "total_revenue": 11900.0,
      "avg_revenue_per_case": 595.0
    },
    {
      "species": "Mouse",
      "total_cases": 13,
      "total_revenue": 12800.0,
      "avg_revenue_per_case": 984.6153846153846
    },
    {
      "species": "Swine",
      "total_cases": 4,
      "total_revenue": 18750.0,
      "avg_revenue_per_case": 4687.5
    },
    {
      "species": "Horse",
      "total_cases": 3,
      "total_revenue": 1300.0,
      "avg_revenue_per_case": 433.3333333333333
    },
    {
      "species": "Sheep",
      "total_cases": 3,
      "total_revenue": 4.0,
      "avg_revenue_per_case": 1.3333333333333333
    },
    {
      "species": "COW",
      "total_cases": 2,
      "total_revenue": 1400.0,
      "avg_revenue_per_case": 700.0
    },
    {
      "species": "Cow id : 56",
      "total_cases": 1,
      "total_revenue": 350.0,
      "avg_revenue_per_case": 350.0
    },
    {
      "species": "Elephant",
      "total_cases": 1,
      "total_revenue": 800.0,
      "avg_revenue_per_case": 800.0
    }
  ],
  "species_trends": [
    {
      "species": "Buffalo",
      "year_month": "2025-06",
      "revenue": 8250.0,
      "case_count": 11
    },
    {
      "species": "Buffalo",
      "year_month": "2025-07",
      "revenue": 83450.0,
      "case_count": 38
    },
    {
      "species": "Buffalo",
      "year_month": "2025-08",
      "revenue": 26500.0,
      "case_count": 34
    },
    {
      "species": "Buffalo",
      "year_month": "2025-09",
      "revenue": 10600.0,
      "case_count": 17
    },
    {
      "species": "Buffalo",
      "year_month": "2025-10",
      "revenue": 11950.0,
      "case_count": 18
    },
    {
      "species": "Buffalo",
      "year_month": "2025-11",
      "revenue": 13050.0,
      "case_count": 14
    },
    {
      "species": "COW",
      "year_month": "2025-06",
      "revenue": 1400.0,
      "case_count": 2
    },
    {
      "species": "Cat",
      "year_month": "2025-05",
      "revenue": 2300.0,
      "case_count": 4
    },
    {
      "species": "Cat",
      "year_month": "2025-06",
      "revenue": 2600.0,
      "case_count": 7
    },
    {
      "species": "Cat",
      "year_month": "2025-07",
      "revenue": 3300.0,
      "case_count": 6
    },
    {
      "species": "Cat",
      "year_month": "2025-08",
      "revenue": 300.0,
      "case_count": 1
    },
    {
      "species": "Cat",
      "year_month": "2025-09",
      "revenue": 3200.0,
      "case_count": 1
    },
    {
      "species": "Cat",
      "year_month": "2025-10",
      "revenue": 200.0,
      "case_count": 1
    },
    {
      "species": "Cow",
      "year_month": "2025-03",
      "revenue": 112.0,
      "case_count": 31
    },
    {
      "species": "Cow",
      "year_month": "2025-04",
      "revenue": 371.0,
      "case_count": 17
    },
    {
      "species": "Cow",
      "year_month": "2025-05",
      "revenue": 90450.0,
      "case_count": 99
    },
    {
      "species": "Cow",
      "year_month": "2025-06",
      "revenue": 794800.0,
      "case_count": 797
    },
    {
      "species": "Cow",
      "year_month": "2025-07",
      "revenue": 1815490.0,
      "case_count": 1004
    },
    {
      "species": "Cow",
      "year_month": "2025-08",
      "revenue": 1023600.0,
      "case_count": 926
    },
    {
      "species": "Cow",
      "year_month": "2025-09",
      "revenue": 975370.0,
      "case_count": 1078
    },
    {
      "species": "Cow",
      "year_month": "2025-10",
      "revenue": 1115096.0,
      "case_count": 1428
    },
    {
      "species": "Cow",
      "year_month": "2025-11",
      "revenue": 887232.0,
      "case_count": 988
    },
    {
      "species": "Cow id : 56",
      "year_month": "2025-07",
      "revenue": 350.0,
      "case_count": 1
    },
    {
      "species": "Dog",
      "year_month": "2025-05",
      "revenue": 37550.0,
      "case_count": 19
    },
    {
      "species": "Dog",
      "year_month": "2025-06",
      "revenue": 78200.0,
      "case_count": 71
    },
    {
      "species": "Dog",
      "year_month": "2025-07",
      "revenue": 73650.0,
      "case_count": 64
    },
    {
      "species": "Dog",
      "year_month": "2025-08",
      "revenue": 60850.0,
      "case_count": 44
    },
    {
      "species": "Dog",
      "year_month": "2025-09",
      "revenue": 32000.0,
      "case_count": 44
    },
    {
      "species": "Dog",
      "year_month": "2025-10",
      "revenue": 51150.0,
      "case_count": 71
    },
    {
      "species": "Dog",
      "year_month": "2025-11",
      "revenue": 59450.0,
      "case_count": 75
    },
    {
      "species": "Elephant",
      "year_month": "2025-09",
      "revenue": 800.0,
      "case_count": 1
    },
    {
      "species": "Goat",
      "year_month": "2025-04",
      "revenue": 5.0,
      "case_count": 4
    },
    {
      "species": "Goat",
      "year_month": "2025-05",
      "revenue": 1050.0,
      "case_count": 1
    },
    {
      "species": "Goat",
      "year_month": "2025-06",
      "revenue": 23450.0,
      "case_count": 34
    },
    {
      "species": "Goat",
      "year_month": "2025-07",
      "revenue": 87150.0,
      "case_count": 60
    },
    {
      "species": "Goat",
      "year_month": "2025-08",
      "revenue": 32600.0,
      "case_count": 43
    },
    {
      "species": "Goat",
      "year_month": "2025-09",
      "revenue": 42700.0,
      "case_count": 56
    },
    {
      "species": "Goat",
      "year_month": "2025-10",
      "revenue": 34800.0,
      "case_count": 52
    },
    {
      "species": "Goat",
      "year_month": "2025-11",
      "revenue": 24100.0,
      "case_count": 39
    },
    {
      "species": "Horse",
      "year_month": "2025-10",
      "revenue": 600.0,
      "case_count": 2
    },
    {
      "species": "Horse",
      "year_month": "2025-11",
      "revenue": 700.0,
      "case_count": 1
    },
    {
      "species": "Mouse",
      "year_month": "2025-07",
      "revenue": 600.0,
      "case_count": 2
    },
    {
      "species": "Mouse",
      "year_month": "2025-09",
      "revenue": 12200.0,
      "case_count": 11
    },
    {
      "species": "Rat",
      "year_month": "2025-05",
      "revenue": 32100.0,
      "case_count": 17
    },
    {
      "species": "Rat",
      "year_month": "2025-09",
      "revenue": 181000.0,
      "case_count": 19
    },
    {
      "species": "Rat",
      "year_month": "2025-10",
      "revenue": 13500.0,
      "case_count": 9
    },
    {
      "species": "Rat",
      "year_month": "2025-11",
      "revenue": 24300.0,
      "case_count": 9
    },
    {
      "species": "Sheep",
      "year_month": "2025-04",
      "revenue": 4.0,
      "case_count": 3
    },
    {
      "species": "Swine",
      "year_month": "2025-07",
      "revenue": 17200.0,
      "case_count": 3
    },
    {
      "species": "Swine",
      "year_month": "2025-09",
      "revenue": 1550.0,
      "case_count": 1
    }
  ],
  "monthly_analysis": [
    {
      "month": "2025-03",
      "total_cases": 25,
      "total_revenue": 47.0,
      "avg_revenue": 1.88,
      "unique_customers": 3,
      "payments": 0,
      "samples_collected": 0,
      "reports_sent": 0
    },
    {
      "month": "2025-04",
      "total_cases": 29,
      "total_revenue": 380.0,
      "avg_revenue": 13.10344827586207,
      "unique_customers": 6,
      "payments": 9,
      "samples_collected": 0,
      "reports_sent": 0
    },
    {
      "month": "2025-05",
      "total_cases": 118,
      "total_revenue": 85150.0,
      "avg_revenue": 721.6101694915254,
      "unique_customers": 71,
      "payments": 10,
      "samples_collected": 0,
      "reports_sent": 0
    },
    {
      "month": "2025-06",
      "total_cases": 716,
      "total_revenue": 439250.0,
      "avg_revenue": 613.477653631285,
      "unique_customers": 482,
      "payments": 130,
      "samples_collected": 0,
      "reports_sent": 0
    },
    {
      "month": "2025-07",
      "total_cases": 828,
      "total_revenue": 698390.0,
      "avg_revenue": 843.4661835748792,
      "unique_customers": 537,
      "payments": 186,
      "samples_collected": 0,
      "reports_sent": 0
    },
    {
      "month": "2025-08",
      "total_cases": 745,
      "total_revenue": 527700.0,
      "avg_revenue": 708.3221476510067,
      "unique_customers": 552,
      "payments": 148,
      "samples_collected": 0,
      "reports_sent": 0
    },
    {
      "month": "2025-09",
      "total_cases": 888,
      "total_revenue": 543170.0,
      "avg_revenue": 611.677927927928,
      "unique_customers": 704,
      "payments": 135,
      "samples_collected": 0,
      "reports_sent": 0
    },
    {
      "month": "2025-10",
      "total_cases": 1225,
      "total_revenue": 679356.0,
      "avg_revenue": 554.5763265306123,
      "unique_customers": 906,
      "payments": 174,
      "samples_collected": 0,
      "reports_sent": 0
    },
    {
      "month": "2025-11",
      "total_cases": 894,
      "total_revenue": 510832.0,
      "avg_revenue": 571.4004474272931,
      "unique_customers": 691,
      "payments": 98,
      "samples_collected": 0,
      "reports_sent": 0
    }
  ],
  "yearly_analysis": [
    {
      "year": 2025,
      "total_cases": 5468,
      "total_revenue": 3484275.0,
      "avg_revenue": 637.2119604974397,
      "unique_customers": 3168,
      "payments": 890,
      "samples_collected": 0,
      "reports_sent": 0
    }
  ],
  "dashboard_kpis": {
    "total_cases": 5468,
    "total_revenue": 3484275.0,
    "avg_revenue_per_case": 637.2119604974397,
    "payment_completion_rate": 16.276517922457938,
    "sample_collection_rate": 0.0,
    "report_sent_rate": 0.0,
    "unique_customers": 3168,
    "total_employees": 64
  }
}